,Unnamed: 0, revenue,Adult,Genre ID,IMDB ID,Movie,Popularity,Release date,original language,run budget,run time,vote average,vote_count,sentiment_score,NB_sent_score
0,0,27200000,False,"[18, 36, 10752]",826,The Bridge on the River Kwai,10.156675,10/2/1957,en,3000000,161,7.7,600,0.0,-1.1173
1,1,4000000,False,"[18, 28, 53, 80]",12628,Playing God,3.426904,10/17/1997,en,12000000,94,5.5,26,-0.159083333,-2.06668
2,2,57400547,False,"[28, 12]",9103,The Quest,5.646706,4/19/1996,en,30000000,95,5.3,135,0.0,0.749538
3,3,191125,False,[18],25598,The Indian Runner,1.851309,5/19/1991,en,7000000,127,6.3,24,0.1812,-0.676218
4,4,80197993,False,"[35, 10751]",9353,Nacho Libre,8.611032,6/16/2006,en,32000000,92,5.6,384,-0.18105,-2.64515
5,5,19030691,False,"[18, 10749]",20927,Bed of Roses,2.865682,1/26/1996,en,0,87,5.1,27,0.015,-6.49794
6,6,7644937,False,"[18, 10749]",23830,Last Night,7.527487,5/11/2010,en,7000000,90,6.1,266,0.0,-3.0092
7,7,615752,False,"[10749, 18, 12]",18524,The Celestine Prophecy,3.289517,6/1/2006,en,10000000,99,4.8,16,0.087647826,-2.1579599999999997
8,8,30524763,False,"[14, 27, 53]",11428,Sleepwalkers,7.090693,4/10/1992,en,0,91,4.9,105,0.271272727,0.712648
9,9,68377859,False,"[35, 10749, 18]",7211,Dan in Real Life,7.7517,10/26/2007,en,25000000,98,6.6,387,0.259178947,1.36353
10,10,572000000,False,"[16, 10751, 14]",12092,Alice in Wonderland,13.784223,7/3/1951,en,3000000,75,7.0,1686,0.0,-0.704621
11,11,300135367,False,"[16, 14, 10751, 35]",10137,Stuart Little,8.888607,12/17/1999,en,133000000,84,5.8,1125,-0.187075,-1.40038
12,12,10442808,False,"[28, 14, 27, 53]",12142,Alone in the Dark,6.64683,1/28/2005,en,20000000,96,3.1,179,-0.017266667,-2.29995
13,13,126546825,False,"[28, 878]",240832,Lucy,48.800106,7/14/2014,en,40000000,89,6.2,6500,0.176425,-1.16601
14,14,27362712,False,"[35, 10749]",37964,Brown Sugar,3.033906,10/5/2002,en,8000000,109,7.0,32,0.0,-2.14237
15,15,168167691,False,[18],11321,Seven Pounds,7.81375,12/18/2008,en,55000000,123,7.5,2273,-0.2531,-0.8994190000000001
16,16,95461682,False,"[35, 18, 10749]",13665,Arthur,7.789407,7/17/1981,en,7000000,97,6.5,135,0.0,-2.3233
17,17,94679598,False,"[27, 53]",3021,1408,10.572676,7/12/2007,en,25000000,104,6.5,1489,0.0,-1.1405299999999998
18,18,8176544,False,"[18, 80]",11798,This Is England,3.316388,9/12/2006,en,2380000,101,7.4,396,0.0,-0.97252
19,19,5656087,False,"[14, 9648, 53]",24808,Something Wicked This Way Comes,3.73968,4/29/1983,en,19000000,95,6.6,38,0.593766667,-1.0474
20,20,182300000,False,"[80, 53]",1598,Cape Fear,7.496256,11/15/1991,en,35000000,128,7.0,751,0.04491,-2.45695
21,21,572000000,False,"[16, 10751, 14]",12092,Alice in Wonderland,13.784223,7/3/1951,en,3000000,75,7.0,1686,0.0,-0.704621
22,22,706685,False,"[18, 35]",8221,What Have I Done to Deserve This?,3.510825,10/24/1984,es,0,102,7.4,41,0.0,-0.768003
23,23,3193102,False,"[28, 80, 18, 9648, 53]",10388,The Limey,6.037814,5/15/1999,en,10000000,89,6.6,115,0.49335,-6.13641
24,24,70000000,False,"[27, 53]",948,Halloween,11.949158,10/24/1978,en,325000,91,7.4,1192,0.345730769,0.9227420000000001
25,25,11146270,False,"[35, 10749]",9024,For Love or Money,7.023222,10/1/1993,en,30000000,94,5.8,80,0.9757,-1.35566
26,26,13000000,False,"[18, 53]",17707,Brokedown Palace,9.536457,8/13/1999,en,25000000,100,6.3,121,0.0,-1.49841
27,27,15369573,False,"[35, 10751, 878]",34086,Spaced Invaders,3.173724,4/27/1990,en,3000000,100,4.7,29,0.2366,0.551466
28,28,46405336,False,"[18, 80]",2246,Malice,10.29221,9/29/1993,en,0,107,6.0,113,-0.055366667,-1.06402
29,29,8892589,False,"[18, 10402, 10749]",38909,Salsa,2.227635,7/9/1988,en,0,98,4.8,8,0.0,-4.21831
30,30,13670688,False,"[14, 878, 10751, 16]",15139,The Pagemaster,7.198176,11/23/1994,en,27000000,80,6.2,192,-0.17356,-0.9419879999999999
31,31,2395231,False,"[53, 80]",10909,Kalifornia,6.426634,9/1/1993,en,9000000,117,6.5,224,0.145225,1.45018
32,32,46243000,False,[99],1781,An Inconvenient Truth,6.670329,1/24/2006,en,1000000,100,6.7,275,-0.077613333,-1.51109
33,33,38290723,False,"[10749, 18, 80]",16295,Higher Learning,4.783932,1/11/1995,en,0,127,6.4,53,-0.05773125,1.49264
34,34,57958696,False,"[9648, 28, 53, 878, 12]",5137,Sky Captain and the World of Tomorrow,5.885554,9/17/2004,en,70000000,107,5.7,472,-0.089215789,-1.53352
35,35,750000,False,"[27, 9648, 10749]",257206,Time of Her Life,1.215448,3/3/2006,en,100000,96,6.0,6,-0.263566667,-3.36219
36,36,313542341,False,"[18, 10749]",453,A Beautiful Mind,12.363865,12/11/2001,en,60000000,135,7.7,3318,0.11876,-1.32894
37,37,36611610,False,"[35, 18]",13698,Gung Ho,5.346699,3/13/1986,en,0,111,6.2,50,0.0,-1.02663
38,38,48169156,False,"[28, 18]",4421,G.I. Jane,7.65784,8/22/1997,en,50000000,125,6.0,430,-0.0923,-2.86353
39,39,130293714,False,"[28, 18, 53, 80]",9509,Man on Fire,9.562333,4/23/2004,en,70000000,146,7.3,1664,0.0,-0.656643
40,40,12000000,False,"[28, 35, 80, 18, 10749]",45001,Deewana,1.682441,6/25/1992,hi,0,185,7.0,11,0.216,-1.25302
41,41,30400000,False,"[10402, 18, 10749]",10269,Yentl,4.327411,11/18/1983,en,12000000,132,6.2,56,-0.0851,-1.4845899999999999
42,42,8049666,False,"[35, 18, 10749]",12572,"New York, I Love You",7.024174,9/6/2008,en,14700000,103,5.8,183,0.07073,-0.642359
43,43,50907234,False,"[18, 9648]",14359,Doubt,7.568715,11/27/2008,en,20000000,104,7.1,482,0.0,-0.501559
44,44,18000000,False,"[28, 18, 10749, 53]",10863,Eye of the Needle,4.157178,7/24/1981,en,0,112,6.4,49,0.0,-1.7387
45,45,37402877,False,"[18, 10751, 10402]",17917,Oliver!,9.934193,9/26/1968,en,10000000,153,7.0,112,0.170807692,1.8198599999999998
46,46,6908797,False,[18],35119,A Cry in the Dark,3.848367,11/11/1988,en,15000000,120,6.5,50,0.0,-0.185051
47,47,4856298,False,"[10749, 28, 35, 80, 9648, 18]",16941,Intermission,6.458476,8/29/2003,en,5000000,105,6.4,52,-0.1324,-2.14927
48,48,36733909,False,"[28, 12, 18, 53]",7305,Alive,7.210233,1/15/1993,en,32000000,120,6.7,412,0.122685714,0.720698
49,49,57891803,False,"[27, 53]",11460,Red Eye,6.991706,8/4/2005,en,26000000,85,6.2,512,-0.309,-1.11876
50,50,110803676,False,"[28, 12, 35]",6519,The Dukes of Hazzard,11.685344,8/5/2005,en,50000000,104,5.1,348,-0.133761538,-2.1564799999999997
51,51,17000000,False,"[878, 28]",416149,The Perfect Weapon,5.920854,9/9/2016,en,8000000,88,3.9,18,-0.306933333,-3.8001199999999997
52,52,12484444,False,"[28, 80, 18, 53]",10711,French Connection II,6.308552,5/18/1975,en,0,119,6.6,101,0.004,-1.08017
53,53,64822796,False,"[53, 80, 18]",8848,The Bank Job,7.672312,2/28/2008,en,20000000,112,6.6,746,0.0,-4.73955
54,54,72266306,False,"[28, 18, 53]",11951,Vanishing Point,6.67434,1/15/1971,en,1300000,99,7.2,117,0.2767,0.75734
55,55,36850101,False,"[35, 18, 10751, 878]",9849,My Favorite Martian,5.960053,2/11/1999,en,65000000,94,5.1,84,0.041547619,-2.88414
56,56,20710451,False,"[18, 36]",10264,Hamlet,8.931482,12/19/1990,en,0,130,6.7,104,-0.075080357,0.35737199999999997
57,57,5446000,False,"[12, 18]",77221,Black Gold,10.547137,12/21/2011,en,40000000,130,5.9,85,0.0,-0.547277
58,58,242717113,False,"[35, 10751]",14306,Marley & Me,9.975104,12/25/2008,en,60000000,115,6.9,1483,0.0,-1.34962
59,59,12000000,False,"[10402, 35, 10749]",759,Gentlemen Prefer Blondes,6.991105,7/14/1953,en,0,91,7.1,183,0.0,-1.6611
60,60,30411183,False,[35],10591,The Girl Next Door,9.527545,4/9/2004,en,25000000,108,6.3,912,0.0,-0.6001770000000001
61,61,103738726,False,"[12, 28, 35, 53, 80]",8592,Dick Tracy,5.674841,6/15/1990,en,47000000,103,6.0,275,-0.125483333,-2.57048
62,62,60378584,False,"[80, 18]",504,Monster,6.190862,11/16/2003,en,8000000,110,7.0,548,0.003942857,-1.92491
63,63,75597042,False,"[18, 10751]",14635,The Rookie,8.7278,3/25/2002,en,20000000,127,6.5,120,0.589966667,-1.83096
64,64,21300000,False,"[18, 10402, 10749]",16520,The King and I,8.263556,6/29/1956,en,4550000,133,7.3,109,0.328166667,-0.587882
65,65,44785053,False,[18],3116,Midnight Cowboy,9.052681,5/25/1969,en,3600000,113,7.5,333,0.0,-0.15079800000000002
66,66,1752038,False,[35],10078,Magicians,6.355778,5/18/2007,en,0,90,6.2,25,0.0,0.408744
67,67,31720158,False,[18],17332,The Soloist,6.510224,4/24/2009,en,60000000,109,6.6,255,-0.085,-0.48416400000000004
68,68,60641,False,"[18, 35, 53]",2239,Hallam Foe,5.609041,2/16/2007,en,8000000,95,6.8,52,0.0,-0.404077
69,69,89162162,False,"[14, 53, 27]",49730,Red Riding Hood,9.244878,3/11/2011,en,42000000,100,5.7,1043,0.459625,-2.19513
70,70,1893139,False,[18],51321,Permanent Record,2.061315,4/22/1988,en,8000000,91,6.0,11,-0.330333333,-2.40138
71,71,4900000,False,"[18, 10769]",60579,Hey Ram,1.439164,2/18/2000,ta,3900000,199,6.7,10,0.39115,-2.98447
72,72,240239,False,[99],24582,Manufactured Landscapes,2.592172,9/9/2006,en,0,90,7.3,15,0.10806,-1.25207
73,73,80640528,False,"[35, 18, 10749]",2039,Moonstruck,8.996911,12/18/1987,en,0,102,6.7,195,0.29926,2.77719
74,74,850000000,False,"[878, 12, 28]",1895,Star Wars: Episode III - Revenge of the Sith,12.64329,5/17/2005,en,113000000,140,7.1,4522,0.094375,-1.2278200000000001
75,75,251058,False,[35],75386,Haiku Tunnel,1.076985,9/7/2001,en,0,88,7.0,2,-0.089245455,-2.2183
76,76,13818181,False,"[27, 28, 53]",11059,House of the Dead,6.299035,4/11/2003,en,7000000,90,2.8,112,-0.134723333,-3.2427599999999996
77,77,20085825,False,"[35, 18, 10749]",9688,Melinda and Melinda,6.433094,10/29/2004,en,0,100,6.3,135,-0.014072222,-1.6632
78,78,14859394,False,[18],26149,Music of the Heart,4.008531,10/29/1999,en,27000000,124,6.3,52,0.0,-3.0117700000000003
79,79,10400000,False,"[12, 18]",10339,Moby Dick,5.626089,6/27/1956,en,4500000,116,6.8,100,0.0,-0.758725
80,80,261603,False,"[35, 10749]",21118,Waking Up in Reno,4.35156,12/13/2002,en,0,91,5.1,24,0.18122,-2.9427
81,81,29385320,False,"[18, 10749]",4251,Veer-Zaara,5.00822,11/12/2004,hi,7000000,192,7.5,72,0.0,-2.0148
82,82,266665,False,[18],11489,Rosetta,4.43268,5/23/1999,fr,0,95,7.2,56,0.160133333,-4.5166
83,83,136400000,False,"[18, 10749]",9062,Love Story,11.560056,12/16/1970,en,2200000,99,6.6,127,0.053216667,-0.890302
84,84,738599701,False,"[12, 28, 53, 878]",604,The Matrix Reloaded,20.218433,5/15/2003,en,150000000,138,6.7,3725,0.126946154,-1.95005
85,85,77516304,False,"[35, 10749]",9778,Serendipity,9.439279,10/5/2001,en,28000000,90,6.7,571,0.3285,-0.47378000000000003
86,86,183345589,False,"[12, 10751, 14]",267935,The BFG,28.01442,6/1/2016,en,140000000,120,6.1,1112,0.0,-0.566742
87,87,27500000,False,[35],16406,Dick,6.183602,8/4/1999,en,13000000,94,5.7,68,0.0,-0.539797
88,88,1296184,False,"[28, 12, 35, 53]",13191,"War, Inc.",6.592585,4/28/2008,en,5000000,106,5.6,89,-0.1978,-1.71702
89,89,190213455,False,"[28, 878, 53]",9383,Hollow Man,9.739024,8/4/2000,en,95000000,112,5.6,694,0.161633333,-0.37149699999999997
90,90,50012507,False,"[18, 10749]",9560,A Walk in the Clouds,7.014401,8/11/1995,en,20000000,103,6.6,181,0.0,-1.12932
91,91,635096,False,"[18, 10752, 10749, 37]",22267,Ride with the Devil,5.713073,11/24/1999,en,38000000,138,6.6,51,0.128957143,-1.1811200000000002
92,92,78000000,False,"[28, 35]",16214,Hooper,3.35336,7/28/1978,en,0,107,6.1,36,-0.35255,-2.50375
93,93,295206,False,[35],2171,Wet Hot American Summer,6.668558,7/27/2001,en,5000000,97,6.4,281,0.0,-3.49191
94,94,102356381,False,"[14, 27, 28]",924,Dawn of the Dead,9.147155,3/19/2004,en,28000000,101,6.8,1128,-0.05745,-3.2122599999999997
95,95,3569939,False,"[14, 12, 10751]",19051,The New Adventures of Pippi Longstocking,3.61177,7/6/1988,en,5000000,100,5.8,18,-0.156225,-3.20813
96,96,13418091,False,[53],44326,Extremities,2.934475,8/22/1986,en,0,89,6.0,13,0.427407692,2.39607
97,97,34872033,False,"[27, 53, 35]",11284,Freddy's Dead: The Final Nightmare,10.483103,9/5/1991,en,11000000,89,5.1,304,-0.087636364,0.182542
98,98,82176340,False,"[28, 12, 14]",297762,Wonder Woman,305.721742,5/30/2017,en,149000000,141,7.2,6273,0.0,-1.7057900000000001
99,99,92380927,False,[35],15373,Role Models,8.985356,11/7/2008,en,28000000,99,6.4,597,-0.07106,-1.20207
100,100,15445131,False,[18],38718,Reversal of Fortune,4.050676,10/5/1990,en,0,111,6.6,62,-0.21305,-1.38059
101,101,2275557,False,"[28, 53]",13154,Showdown in Little Tokyo,7.279503,8/23/1991,en,8000000,79,5.7,104,0.094983333,-1.44814
102,102,48027970,False,[18],1523,The Last King of Scotland,8.556531,9/1/2006,en,6000000,121,7.4,603,0.0,-0.49486199999999997
103,103,41590886,False,"[18, 28, 80]",9400,Set It Off,4.727594,11/6/1996,en,9000000,118,6.9,69,0.125225,-1.84502
104,104,47175038,False,"[35, 10749]",6961,The Wedding Date,8.084758,2/4/2005,en,15000000,88,6.2,259,0.0,-0.9198040000000001
105,105,46471023,False,"[12, 16, 35, 10751]",10315,Fantastic Mr. Fox,8.623031,10/23/2009,en,40000000,87,7.5,1289,0.0,-1.47895
106,106,10400000,False,"[12, 18]",10339,Moby Dick,5.626089,6/27/1956,en,4500000,116,6.8,100,0.0,-0.758725
107,107,122563539,False,"[37, 16, 12, 35, 10751]",9023,Spirit: Stallion of the Cimarron,8.967454,5/24/2002,en,80000000,83,7.4,981,0.178859091,1.85455
108,108,325233863,False,"[16, 18]",17979,A Christmas Carol,13.718141,11/4/2009,en,200000000,96,6.6,1259,0.103106,0.421034
109,109,352114312,False,"[18, 80]",640,Catch Me If You Can,12.868387,12/25/2002,en,52000000,141,7.7,4220,0.315266667,-1.5704200000000001
110,110,10000000,False,[99],8357,What the #$*! Do We (K)now!?,5.081999,4/23/2004,en,0,109,5.7,36,-0.086936,-1.8246099999999998
111,111,57138719,False,"[80, 53]",17494,Unlawful Entry,4.836356,6/26/1992,en,23000000,117,5.8,67,0.0,-1.4418
112,112,4000000,False,"[18, 10749, 10769]",33142,Vivah,2.62818,11/10/2006,hi,10,162,6.5,26,-0.42415,-1.06707
113,113,220673217,False,[35],4256,Scary Movie 3,10.994533,10/24/2003,en,48000000,84,5.8,1058,-0.131328571,-2.4005799999999997
114,114,1659542,False,[35],114726,Out on a Limb,2.477641,9/4/1992,en,11000000,82,6.2,13,0.0,-2.65992
115,115,31584901,False,"[35, 9648]",512,Scoop,6.683785,7/27/2006,en,4000000,96,6.4,467,0.176812,1.22336
116,116,589244,False,"[99, 18, 10402]",24348,Powaqqatsi,4.742449,4/29/1988,en,2500000,99,7.5,40,0.0,-1.93173
117,117,50451307,False,"[35, 18, 10749]",11431,Fever Pitch,6.876429,4/6/2005,en,30000000,103,5.8,196,0.48315,-0.467291
118,118,2400000,False,"[27, 53]",29064,The Omega Code,2.252709,10/15/1999,en,0,100,4.4,17,-0.166057895,-3.9177800000000005
119,119,347451894,False,"[12, 28, 53, 9648]",2059,National Treasure,9.481867,11/19/2004,en,100000000,131,6.4,2122,0.059753333,-2.0367599999999997
120,120,29657751,False,"[80, 53, 9648]",70436,The Raven,7.067215,3/9/2012,en,26000000,111,6.1,455,0.9851,-0.356716
121,121,52223306,False,"[27, 53]",9357,One Hour Photo,7.172717,8/21/2002,en,12000000,96,6.6,480,0.0,-1.91514
122,122,37803872,False,"[18, 10749]",11557,St. Elmo's Fire,6.768464,6/20/1985,en,0,110,6.0,144,0.205655556,-1.84212
123,123,183611771,False,"[35, 10751]",10481,102 Dalmatians,7.087468,10/7/2000,en,85000000,100,5.1,352,-0.123906667,-2.09314
124,124,472370,False,[18],266030,Party Girl,2.164918,8/27/2014,fr,0,95,6.9,14,0.27384,2.3117
125,125,49779728,False,"[35, 10749]",34016,She's Out of My League,7.219591,3/11/2010,en,20000000,104,5.9,578,-0.045825,-1.37693
126,126,1000000,False,"[18, 10749]",2998,Zabriskie Point,5.529823,2/9/1970,en,7000000,113,7.1,89,0.113312,1.5197100000000001
127,127,57231524,False,"[18, 35, 10749]",16781,Madea's Family Reunion,6.088449,2/24/2006,en,6000000,110,6.0,78,0.0,-2.15801
128,128,553171,False,"[878, 16]",149,Akira,10.329727,7/16/1988,ja,8000000,124,7.8,877,0.0,-0.676617
129,129,144008,False,"[18, 27]",25853,Dahmer,4.301807,6/21/2002,en,250000,101,5.2,59,-0.264738462,-2.87437
130,130,50041732,False,[27],10307,Stigmata,6.965436,9/10/1999,en,29000000,103,5.9,265,-0.404116667,-1.58254
131,131,3572443,False,[35],9771,Major League: Back to the Minors,2.599883,4/17/1998,en,0,107,4.3,23,-0.348666667,-3.61922
132,132,24464742,False,"[53, 18, 10749]",303,Notorious,10.862401,8/15/1946,en,2000000,102,7.8,374,0.126271429,-1.49045
133,133,18875011,False,"[27, 53, 9648, 14]",11082,The Seventh Sign,6.083786,4/1/1988,en,0,97,5.9,81,0.0,-3.279
134,134,130293714,False,"[28, 18, 53, 80]",9509,Man on Fire,9.562333,4/23/2004,en,70000000,146,7.3,1664,0.0,-0.656643
135,135,153205,False,"[35, 18]",14820,Music Within,3.170794,1/5/2007,en,0,94,6.7,18,-0.4373,-1.2501799999999998
136,136,29133000,False,[18],25188,The Last Picture Show,7.54337,10/2/1971,en,1300000,118,7.7,147,-0.175677778,-1.5907
137,137,138530565,False,"[18, 10752, 28]",792,Platoon,11.764249,12/18/1986,en,6000000,120,7.5,1323,0.0,-0.801304
138,138,97838349,False,"[28, 35, 18]",5375,Fred Claus,7.434961,11/3/2007,en,100000000,116,5.4,232,-0.042407692,-1.6621400000000002
139,139,154937680,False,[18],1125,Dreamgirls,7.427213,12/25/2006,en,70000000,134,6.6,309,0.167436364,-1.44994
140,140,1301121,False,[18],108312,Native Son,1.371219,12/24/1986,en,2000000,111,2.0,2,0.0,-1.50519
141,141,5091888,False,"[28, 80, 53]",23587,Vigilante,5.034868,1/4/1983,en,0,90,7.1,16,0.3257,-1.98977
142,142,30102717,False,"[53, 28, 80, 18]",9594,Double Impact,7.444173,7/31/1991,en,15000000,110,5.3,236,-0.0107,-3.47634
143,143,48428063,False,"[28, 12, 16, 878, 53]",12244,9,9.868553,8/19/2009,en,30000000,79,6.6,1352,0.022266667,-1.83142
144,144,8826094,False,"[28, 878]",10881,Avalon,7.206154,1/20/2001,pl,8000000,107,6.7,100,0.214133333,-5.30265
145,145,1258000,False,"[18, 27, 9648, 53]",72277,The Last Wave,2.811122,1/1/1977,en,810000,106,6.9,40,0.000325,1.35319
146,146,34725000,False,"[27, 9648, 53]",10576,Psycho II,5.931639,6/3/1983,en,5000000,113,6.1,135,0.40475,-0.714013
147,147,43440294,False,[18],293,A River Runs Through It,9.383502,10/9/1992,en,0,123,7.0,261,-0.042542857,-3.15061
148,148,146292009,False,[18],873,The Color Purple,11.680162,12/18/1985,en,15000000,154,7.7,379,-0.2386,-0.182099
149,149,123509,False,"[18, 35]",88641,There Goes My Baby,1.07898,9/2/1994,en,10500000,99,8.5,2,-0.16368,-1.52047
150,150,85313124,False,"[35, 18, 878]",10328,Cocoon,6.901259,6/21/1985,en,0,117,6.5,352,0.0,-0.848232
151,151,1431623,False,[99],12901,No End in Sight,2.840742,7/27/2007,en,2000000,102,7.4,25,-0.16945,-0.880899
152,152,12207,False,"[99, 10752]",50062,The Ground Truth,1.004528,9/15/2006,en,500000,72,0.0,0,0.0,-1.2792
153,153,4857367,False,"[18, 10749]",2266,"Paris, je t'aime",10.090438,5/16/2006,fr,13000000,120,6.8,227,0.159908333,1.23207
154,154,146402,False,[18],54580,Mondays in the Sun,3.372179,9/27/2002,es,4000000,113,7.1,41,0.19314,-1.71059
155,155,5186646,False,"[80, 18, 53]",18588,52 Pick-Up,3.50913,11/7/1986,en,0,110,5.8,24,0.3632,-0.775421
156,156,50236831,False,"[14, 18, 35, 10751]",24795,Angels in the Outfield,6.035827,7/15/1994,en,0,102,5.8,130,0.132455556,3.0178599999999998
157,157,40055439,False,"[27, 53]",329440,The Forest,8.217988,1/7/2016,en,10000000,95,4.8,529,0.244233333,-1.64736
158,158,1300000,False,[37],156566,Red Garters,1.627794,2/9/1954,en,0,91,0.0,0,0.46325,-2.82214
159,159,29000000,False,[35],8970,The Out-of-Towners,4.741464,4/2/1999,en,75000000,90,5.0,48,-0.090191667,-2.4287099999999997
160,160,38755073,False,"[9648, 53, 27]",9708,The Wicker Man,8.553985,9/1/2006,en,40000000,102,4.1,388,0.092373333,-1.7067400000000001
161,161,76578641,False,"[35, 18, 10749]",455,Bend It Like Beckham,6.542885,4/11/2002,en,3500159,112,6.2,650,0.9717,-0.163965
162,162,173306,False,"[10749, 35]",28151,Baptists at Our Barbecue,1.144915,10/8/2004,en,500000,92,4.0,2,-0.020716667,-2.42562
163,163,184376254,False,"[80, 18, 53]",388,Inside Man,8.827844,3/23/2006,en,45000000,129,7.3,1775,0.054,-1.42507
164,164,1323312,False,"[18, 53]",401546,The Dinner,7.700873,5/5/2017,en,0,120,4.2,61,0.0,-2.92551
165,165,1062253,False,"[18, 10749]",59210,The Mother,3.30939,1/1/2003,en,2500000,112,6.3,19,-0.001525,-0.47354799999999997
166,166,400200,False,[18],35227,Foolish Wives,1.683022,1/11/1922,en,1100000,117,6.3,11,0.0,-0.172266
167,167,22000000,False,"[9648, 27, 18]",1842,The Legend of Boggy Creek,2.807997,8/1/1972,en,100000,90,5.6,19,0.0,-0.573984
168,168,73956241,False,[18],10400,The Hurricane,6.97024,9/17/1999,en,50000000,146,7.3,432,-0.041383333,-1.8799299999999999
169,169,16757163,False,"[10402, 18]",3682,54,6.822577,8/28/1998,en,13000000,106,5.5,149,0.024714286,-2.21415
170,170,255000211,False,"[28, 12, 53]",9350,Cliffhanger,9.355405,5/28/1993,en,70000000,112,6.1,647,0.209485,1.72088
171,171,389503,False,"[28, 35, 18, 53]",54022,Search and Destroy,1.46867,1/1/1995,en,4000000,90,6.1,4,0.0,-2.93125
172,172,14225876,False,"[27, 878, 28]",24331,Scanners II: The New Order,2.665752,6/28/1991,en,0,104,4.6,22,0.0,-4.75071
173,173,4100000,False,"[18, 10749]",52778,Until September,2.295451,9/21/1984,en,0,95,6.3,2,0.0,-2.31075
174,174,17297244,False,"[28, 35, 80, 18, 53]",9515,The Matador,6.818872,5/12/2005,en,10000000,96,6.2,145,0.2004,2.0361700000000003
175,175,68392977,False,"[18, 10402, 10749]",13763,Purple Rain,5.849371,7/27/1984,en,7200000,111,6.7,99,0.135896429,1.7743900000000001
176,176,76514050,False,"[27, 53, 9648]",13788,The Unborn,7.376899,1/9/2009,en,16000000,87,4.9,401,0.0,-2.8268400000000002
177,177,114908830,False,[27],6466,Freddy vs. Jason,16.30388,8/15/2003,en,30000000,97,5.8,678,0.0,-4.17601
178,178,57469467,False,"[18, 27]",8913,Pet Sematary,8.132245,4/21/1989,en,11500000,103,6.4,445,-0.141785714,-1.36161
179,179,203388341,False,"[18, 9648, 10749, 878, 53]",1903,Vanilla Sky,7.073076,12/10/2001,en,68000000,136,6.5,1182,0.0,-0.9510620000000001
180,180,391410,False,"[28, 12, 18, 27, 53]",15749,While She Was Out,5.158581,10/27/2008,en,6000000,108,4.8,38,-0.042037037,-2.62203
181,181,25005257,False,"[80, 18, 53]",7972,Before the Devil Knows You're Dead,7.601975,9/26/2007,en,18000000,117,6.9,397,0.244460714,1.2911299999999999
182,182,18626419,False,"[18, 9648, 53]",9566,The Fan,7.148061,8/15/1996,en,55000000,116,5.7,221,0.2167125,-2.38727
183,183,33082548,False,"[10751, 28, 12]",17043,The Crocodile Hunter: Collision Course,3.768994,7/26/2002,en,0,90,5.4,37,0.013536364,-2.71838
184,184,426224,False,"[10749, 35, 18, 27]",10288,Fido,6.274175,9/7/2006,en,8000000,91,6.6,143,0.148333333,1.13269
185,185,101702060,False,"[28, 878, 12, 35, 10751]",88751,Journey to the Center of the Earth,17.414348,7/10/2008,en,45000000,93,5.8,1461,0.6431,-5.34066
186,186,45916769,False,"[18, 80, 53]",11975,The Rainmaker,6.813961,11/18/1997,en,40000000,135,6.7,258,-0.4165,-0.771184
187,187,543514353,False,"[10749, 14, 10751, 18]",150689,Cinderella,17.853442,3/12/2015,en,95000000,105,6.7,2580,0.0,-0.24977
188,188,127067,False,"[99, 10402]",1843,Dig!,2.371056,5/14/2004,en,0,107,7.2,20,0.0,-0.472358
189,189,6585516,False,"[28, 12, 18, 36]",10544,Ned Kelly,6.985726,3/22/2003,en,0,110,6.1,123,-0.003708333,-1.30898
190,190,1750301,False,"[18, 14]",5048,Prospero's Books,2.686087,9/5/1991,en,0,120,6.5,30,-0.050242857,-2.7460000000000004
191,191,354704,False,"[80, 18, 27, 53]",48309,Prison,2.590663,3/4/1988,en,1300000,102,6.7,27,0.012091667,1.2650299999999999
192,192,14796236,False,"[80, 27]",8617,Prom Night,6.096935,4/10/2008,en,0,88,4.8,179,-0.05649,-1.9073
193,193,135000000,False,"[18, 10749]",4584,Sense and Sensibility,6.59583,12/13/1995,en,16500000,136,7.2,388,-0.7773,0.420358
194,194,676525,False,[18],34615,"Cry, the Beloved Country",2.33561,12/15/1995,en,0,106,6.7,13,0.0,-7.50807
195,195,480811,False,"[80, 18]",9517,Bully,6.315463,6/15/2001,en,0,113,6.7,133,0.0,-1.53906
196,196,3251794,False,"[80, 18, 53, 9648]",994,Straw Dogs,7.203698,12/29/1971,en,2200000,118,7.2,248,0.9025,-0.923818
197,197,181001478,False,"[53, 80, 18]",4147,Road to Perdition,8.393301,7/12/2002,en,80000000,117,7.3,1177,0.149162963,1.96777
198,198,760883,False,"[16, 14, 878]",15035,Fire and Ice,5.788546,3/25/1983,en,1200000,81,6.4,40,0.329444444,1.39599
199,199,1702433,False,"[35, 18]",321751,A Perfect Day,9.545707,8/28/2015,en,0,106,6.6,204,0.0,-3.3553699999999997
200,200,56681566,False,"[28, 14]",9947,Elektra,9.25167,1/13/2005,en,43000000,97,4.8,642,0.3026,-1.18545
201,201,113916474,False,"[35, 18, 10402, 10749]",6282,Coyote Ugly,7.372124,7/30/2000,en,45000000,100,5.9,634,0.009390909,-2.88404
202,202,38629478,False,"[80, 9648, 53]",3093,Basic Instinct 2,7.543018,3/29/2006,en,70000000,114,4.6,193,0.137668182,0.607126
203,203,174999005,False,"[18, 80, 53]",7442,Sleeping with the Enemy,8.645425,2/8/1991,en,19000000,99,6.2,254,-0.1802,-1.33972
204,204,6754898,False,"[18, 35]",7510,Running with Scissors,5.17328,10/27/2006,en,12000000,116,5.8,83,-0.088,-1.75911
205,205,53587404,False,"[14, 18, 27, 28, 53, 878]",10253,Dragon Wars: D-War,6.026141,2/8/2007,ko,70000000,90,4.0,106,0.130857143,0.0814098
206,206,9801375,False,"[18, 10749]",1791,The Piano Teacher,7.252297,5/14/2001,fr,3000000,131,7.2,210,0.1051125,-1.2756299999999998
207,207,14418922,False,"[35, 27, 878]",18462,Night of the Comet,5.869497,11/16/1984,en,3000000,95,6.1,98,-0.241475,-3.4595800000000003
208,208,150270147,False,"[28, 12, 18, 53]",9208,Broken Arrow,7.69462,2/9/1996,en,50000000,108,5.7,474,0.0,-1.24879
209,209,152500343,False,"[35, 18, 10749]",392,Chocolat,8.141895,12/14/2000,en,25000000,121,6.8,1057,0.374,2.04088
210,210,34710627,False,"[18, 10749]",38684,Jane Eyre,6.145302,3/11/2011,en,0,120,7.0,469,-0.147123077,-0.686429
211,211,66002004,False,"[35, 10751, 12, 14, 10749]",11451,Herbie Fully Loaded,8.35774,6/22/2005,en,50000000,101,5.1,607,-0.229257143,-1.49974
212,212,6413915,False,"[35, 10749]",20009,Slackers,8.857715,2/1/2002,en,14000000,86,5.4,61,-0.057488235,-3.12174
213,213,4500000,False,"[18, 35, 10402, 10749]",2769,An American in Paris,9.844808,8/8/1951,en,2723903,113,6.9,140,0.191364,2.7145900000000003
214,214,14134877,False,"[28, 12, 35, 18, 53]",21871,Tank,3.020277,3/16/1984,en,0,113,5.8,23,0.0,-4.40842
215,215,48451803,False,[18],334,Magnolia,8.696982,12/8/1999,en,37000000,188,7.5,916,-0.199076923,-1.8955099999999998
216,216,6455530,False,"[14, 16, 10751]",10150,The Last Unicorn,7.51276,11/19/1982,en,0,92,6.9,125,0.0,-2.0171200000000002
217,217,44017374,False,"[27, 53]",694,The Shining,28.248754,5/22/1980,en,19000000,144,8.1,4344,-0.2408,-1.7703
218,218,91196419,False,"[18, 27, 53]",11804,White Noise,10.79153,1/7/2005,en,10000000,101,5.5,282,-0.113930769,-1.7806099999999998
219,219,1845034188,False,"[18, 10749, 53]",597,Titanic,28.549703,11/18/1997,en,200000000,194,7.6,8385,0.222036364,0.8020109999999999
220,220,31596911,False,[12],11780,Rob Roy,10.13323,4/13/1995,en,28000000,139,6.5,165,-0.08325,-1.4190399999999999
221,221,4400000,False,"[18, 53]",32020,Foxes,3.937096,2/29/1980,en,0,106,5.6,25,0.20538125,2.56853
222,222,13276953,False,"[80, 35]",16723,Sugar & Spice,5.162364,1/24/2001,en,11000000,81,5.8,64,-0.0488,-6.27811
223,223,1051948,False,"[35, 10749]",21055,All Over the Guy,3.019332,3/7/2001,en,0,95,5.7,25,0.3036,-1.4922600000000001
224,224,120620,False,"[18, 35, 10402]",12109,It's All Gone Pete Tong,3.922852,9/12/2004,en,2000000,90,7.1,55,0.0,-1.07943
225,225,15691192,False,"[35, 18]",9586,The Bonfire of the Vanities,8.594463,12/21/1990,en,47000000,125,5.3,121,0.063355556,-1.5762
226,226,96455697,False,"[35, 14, 10749]",10096,13 Going on 30,8.345456,4/13/2004,en,37000000,98,6.2,1346,0.0,-1.93783
227,227,113086475,False,[35],12153,White Chicks,7.091523,6/23/2004,en,37000000,109,6.4,763,0.0,-3.26816
228,228,48814909,False,[18],11978,Men of Honor,8.448912,9/13/2000,en,82343495,129,7.0,588,0.0,-0.282571
229,229,3713768,False,"[12, 16, 18]",11837,Watership Down,5.574031,10/14/1978,en,1000000,88,7.3,180,-0.19362,-1.58536
230,230,484572835,False,"[14, 35]",310,Bruce Almighty,9.867555,5/23/2003,en,80000000,101,6.5,3404,0.181369231,1.32723
231,231,15785148,False,"[28, 35, 80, 9648]",5236,Kiss Kiss Bang Bang,9.765731,9/5/2005,en,15000000,103,7.2,954,0.9761,-1.07148
232,232,22231658,False,"[35, 18, 10749]",3573,Emma,5.703418,8/2/1996,en,6000000,121,6.7,165,0.1601875,-1.9006
233,233,343786,False,"[35, 18]",25447,Tapeheads,7.462659,10/21/1988,en,0,93,5.4,17,0.0,-2.03798
234,234,183018522,False,"[12, 14, 18, 35, 878, 10751]",62764,Mirror Mirror,9.536227,3/15/2012,en,85000000,106,5.6,1225,0.0,-1.92508
235,235,29762011,False,"[12, 14, 28, 35, 878]",9824,Mystery Men,6.024557,8/6/1999,en,68000000,121,5.7,261,0.162055172,1.05703
236,236,60896147,False,"[14, 18, 28, 35, 80, 878]",4474,My Super Ex-Girlfriend,5.920199,6/20/2006,en,0,95,4.8,483,0.130814286,0.858454
237,237,42000000,False,"[18, 53, 10752]",12162,The Hurt Locker,9.634247,10/10/2008,en,15000000,131,7.2,1996,-0.034028571,-1.55233
238,238,19740070,False,[35],18913,Betsy's Wedding,2.520806,6/22/1990,en,0,94,5.3,12,0.0,-3.42239
239,239,28283637,False,"[28, 12, 35, 10751, 14, 878]",14623,Thunderbirds,5.854446,7/23/2004,en,57000000,95,4.3,98,-0.01153,-0.369195
240,240,852872,False,"[18, 10749]",7870,Down in the Valley,4.712188,5/13/2005,en,8000000,112,6.0,68,0.1874625,-1.42939
241,241,6797218,False,"[27, 10402]",25438,Trick or Treat,4.018731,10/24/1986,en,0,98,5.5,42,0.0,-1.54415
242,242,7800000,False,"[10402, 35, 18, 10749]",39095,Mungaru Male,1.215599,12/15/2006,kn,330000,143,7.3,6,0.0,-0.968377
243,243,391081192,False,"[12, 14, 28, 878]",1452,Superman Returns,10.234001,6/28/2006,en,270000000,154,5.4,1520,-0.29941875,-1.42129
244,244,162242962,False,"[18, 36, 10749]",1904,Memoirs of a Geisha,7.781877,12/6/2005,en,85000000,145,7.3,717,0.059258333,-1.18533
245,245,56505065,False,"[28, 12, 18, 36, 37]",11969,Tombstone,8.732705,12/25/1993,en,25000000,130,7.4,663,0.7476,-1.17648
246,246,358574,False,"[12, 18, 36, 10752]",12701,Revolution,3.935995,12/25/1985,en,28000000,126,5.2,23,-0.1163625,-1.59047
247,247,90753806,False,"[35, 18]",10158,White Men Can't Jump,6.495735,3/26/1992,en,0,115,6.3,321,0.323066667,-1.31857
248,248,442824138,False,"[28, 18, 9648, 53]",2503,The Bourne Ultimatum,13.437615,8/3/2007,en,70000000,115,7.3,3063,-0.231533333,-0.614025
249,249,93974620,False,"[18, 53]",231,Syriana,9.115641,11/23/2005,en,50000000,128,6.3,484,0.039064286,-1.82896
250,250,22231658,False,"[35, 18, 10749]",3573,Emma,5.703418,8/2/1996,en,6000000,121,6.7,165,0.1601875,-1.9006
251,251,500000,False,[18],14794,If....,7.080233,12/19/1968,en,0,111,7.1,89,-0.021628571,-0.47392
252,252,299792,False,"[35, 10402, 10749]",51333,Love's Labour's Lost,4.691374,3/31/2000,en,13000000,93,5.4,15,-0.124671429,-0.751529
253,253,312016858,False,"[12, 35, 80, 878]",817,Austin Powers: The Spy Who Shagged Me,12.211415,6/8/1999,en,33000000,95,6.2,1110,-0.304833333,-4.78062
254,254,14373825,False,"[53, 80, 9648]",13483,Awake,7.89438,11/28/2007,en,86000000,84,6.3,432,-0.304877778,-1.89898
255,255,56714147,False,"[80, 18, 53]",11892,Murder by Numbers,6.532055,4/19/2002,en,50000000,120,6.0,293,0.00879478,-2.95511
256,256,572809,False,"[53, 80, 27]",43947,I Spit on Your Grave,13.61956,6/17/2010,en,2000000,108,6.3,573,0.0,-0.951205
257,257,13417292,False,[18],11159,Secrets & Lies,7.538128,5/24/1996,en,4500000,142,7.1,134,0.0,-4.00488
258,258,543514353,False,"[10749, 14, 10751, 18]",150689,Cinderella,17.853442,3/12/2015,en,95000000,105,6.7,2580,0.0,-0.24977
259,259,286168572,False,"[28, 878, 12, 9648]",75612,Oblivion,11.8042,4/10/2013,en,120000000,124,6.4,5059,-0.3076,-3.41595
260,260,15500000,False,"[28, 12, 35]",27201,Corvette Summer,3.344615,6/2/1978,en,0,105,5.4,18,-0.00642,-1.26237
261,261,31853080,False,"[18, 10749]",1890,Children of a Lesser God,4.796876,9/13/1986,en,0,119,6.9,76,-0.2478,-3.0845700000000003
262,262,169332978,False,"[16, 35, 10751]",1267,Meet the Robinsons,8.062878,3/23/2007,en,150000000,95,6.7,841,-0.080333333,-1.52419
263,263,347325802,False,"[28, 35, 80, 53]",5175,Rush Hour 2,8.772264,8/3/2001,en,90000000,90,6.4,1169,0.0,-2.8555900000000003
264,264,622806,False,[18],13075,Sherrybaby,4.197485,9/8/2006,en,2000000,96,6.3,45,0.0,-0.27491
265,265,79817939,False,"[28, 12, 35]",10136,The Golden Child,7.466484,12/12/1986,en,25000000,94,5.6,323,0.2396,-1.63434
266,266,20710451,False,"[18, 36]",10264,Hamlet,8.931482,12/19/1990,en,0,130,6.7,104,-0.075080357,0.35737199999999997
267,267,27476252,False,[53],11963,Three Days of the Condor,7.548183,9/24/1975,en,0,117,7.2,248,0.0,-0.6452829999999999
268,268,3600000,False,"[9648, 878, 53]",12101,Soylent Green,6.21732,4/19/1973,en,0,97,6.8,323,0.0,-0.942435
269,269,55011732,False,"[28, 12, 18]",4643,The Guardian,8.321034,9/28/2006,en,70000000,139,6.8,420,0.104985714,-1.2912700000000001
270,270,8247943,False,"[27, 878]",9599,The Blob,9.407336,8/5/1988,en,19000000,95,6.4,204,0.0,-1.63206
271,271,6482195,False,"[28, 12, 9648, 53]",10871,Switchback,7.80949,10/31/1997,en,37000000,118,5.8,56,0.0,-2.12167
272,272,1000000,False,"[9648, 80, 53]",963,The Maltese Falcon,7.34665,11/18/1941,en,375000,100,7.8,472,0.0,-0.47402
273,273,84772742,False,[35],11090,The Animal,8.204882,6/1/2001,en,22000000,84,4.6,329,0.138746154,-2.8618799999999998
274,274,38122105,False,"[28, 878]",865,The Running Man,8.224018,11/13/1987,en,27000000,101,6.4,748,0.056983333,-1.56431
275,275,12206028,False,"[28, 80, 9648, 53]",22787,Whiteout,9.90847,9/9/2009,en,40000000,101,5.4,240,-0.1502,-2.33263
276,276,1831348,False,"[28, 16, 878]",9389,Renaissance,7.174543,3/16/2006,fr,18000000,105,6.7,84,0.0,0.519096
277,277,5730596,False,"[28, 18]",14570,Gymkata,2.20393,5/3/1985,en,8500000,90,4.8,16,-0.007823529,-2.47777
278,278,44793222,False,"[27, 53]",10072,A Nightmare on Elm Street 3: Dream Warriors,10.29536,2/27/1987,en,5000000,96,6.5,400,0.0,-1.46838
279,279,23278931,False,"[14, 35, 878]",11597,Toys,5.577051,12/18/1992,en,0,118,5.1,179,0.1086,-4.22144
280,280,464991,False,[35],55278,Church Ball,1.701219,3/17/2006,en,1000000,91,3.8,4,-0.1548,-2.83207
281,281,53653224,False,"[35, 18, 14, 10749]",1262,Stranger Than Fiction,8.121787,9/9/2006,en,30000000,113,7.1,786,0.0,-0.919206
282,282,141220678,False,[35],4248,Scary Movie 2,10.578321,7/4/2001,en,45000000,83,5.5,1131,0.268263636,-3.13464
283,283,143597,False,"[18, 53]",16131,Undertow,5.287017,5/14/2004,en,0,108,5.9,35,0.14635,-5.11155
284,284,22000000,False,"[18, 10749, 10752]",3060,The Big Parade,2.894134,11/5/1925,en,245000,151,7.3,27,0.0,-1.79899
285,285,2647055,False,"[27, 53]",9299,Thesis,7.239632,4/11/1996,es,0,125,7.3,175,-0.43065,-0.577922
286,286,580527,False,"[35, 18]",2357,10 Items or Less,7.245501,9/11/2006,en,0,81,6.5,51,0.239214286,-0.7294510000000001
287,287,9317021,False,"[16, 878, 10751]",18890,We're Back! A Dinosaur's Story,6.838758,11/24/1993,en,0,72,5.7,119,0.2461125,0.653728
288,288,14683921,False,[18],47821,City of Joy,2.909109,4/15/1992,en,27000000,132,6.4,34,0.0,-1.00694
289,289,677945399,False,"[35, 18, 10749]",13,Forrest Gump,19.622654,7/6/1994,en,55000000,142,8.3,8767,0.281833333,-3.86214
290,290,300400432,False,"[28, 12, 53, 10752]",1369,Rambo: First Blood Part II,10.545377,5/21/1985,en,44000000,96,6.3,944,-0.0802,-1.6188200000000001
291,291,2816116,False,"[18, 10749]",25461,Raising Victor Vargas,7.627181,5/16/2002,en,800000,88,7.7,17,0.264166667,1.54074
292,292,373062864,False,"[12, 28, 53, 878]",2080,X-Men Origins: Wolverine,2.078487,4/28/2009,en,150000000,107,6.2,4335,0.0,-0.879834
293,293,309979994,False,"[16, 10751, 12, 35]",13053,Bolt,12.322169,11/21/2008,en,150000000,98,6.3,1913,-0.9624,-2.5213900000000002
294,294,216166,False,"[27, 9648]",24274,Dead & Buried,4.351878,5/29/1981,en,3000000,94,6.1,57,-0.9686,-1.43016
295,295,77745568,False,"[10749, 35, 80]",1389,Out of Sight,7.620994,6/26/1998,en,48000000,123,6.5,356,0.0,0.079846
296,296,9789900,False,"[35, 80, 18]",47502,Faithful,2.270849,4/3/1996,en,13000000,91,4.8,4,-0.4961,-1.04255
297,297,23978402,False,"[28, 35, 80]",17708,Corky Romano,5.305229,10/12/2001,en,11000000,86,4.1,57,-0.046478571,-3.85963
298,298,77920346,False,"[28, 53, 80]",5820,The Sentinel,7.754653,4/19/2006,en,60000000,108,5.8,237,0.191453333,0.9483719999999999
299,299,15645616,False,"[10749, 53]",14249,Revenge,5.542133,2/16/1990,en,0,123,6.0,92,-0.165383333,-1.6181299999999998
300,300,5731103,False,[18],49471,Get on the Bus,1.808689,10/16/1996,en,2400000,120,7.0,11,-0.481,-1.09946
301,301,17393,False,"[80, 99]",33916,Czech Dream,1.507158,3/30/2004,cs,0,90,6.8,10,0.0,-0.795323
302,302,7027290,False,[35],14013,BASEketball,8.370546,7/28/1998,en,0,103,5.9,161,-0.27335,-0.572805
303,303,2626800,False,"[80, 27, 53]",14125,Captivity,9.172897,3/9/2007,en,17000000,96,4.4,142,0.0,-2.5164400000000002
304,304,1281176,False,"[35, 18]",55123,Tumbleweeds,1.960448,11/28/1999,en,312000,102,6.2,11,0.19732,-1.53626
305,305,346594,False,"[18, 14]",44638,The Tempest,2.903024,12/10/2010,en,20000000,110,6.0,31,0.39225,-1.1684299999999999
306,306,5802422,False,"[28, 18, 27, 878, 53]",25769,Carriers,7.115038,9/4/2009,en,0,84,5.8,310,0.0,-1.4567
307,307,11400000,False,"[35, 18, 10749]",15363,Something New,5.0352,1/29/2006,en,0,99,6.3,54,0.0,-1.34425
308,308,165615285,False,"[80, 18, 53]",819,Sleepers,9.454585,10/18/1996,en,44000000,147,7.3,796,-0.9977,-1.9426599999999998
309,309,20710451,False,"[18, 36]",10264,Hamlet,8.931482,12/19/1990,en,0,130,6.7,104,-0.075080357,0.35737199999999997
310,310,2585639,False,"[80, 18, 9648, 53]",26719,House of Games,5.854592,10/11/1987,en,0,102,7.0,89,0.15375,2.44925
311,311,22886222,False,"[18, 53]",4916,Guilty as Sin,2.578738,6/4/1993,en,0,107,5.8,25,-0.4711,-1.45407
312,312,18994653,False,"[28, 18, 53]",9545,Sniper,6.943533,1/29/1993,en,0,98,5.9,114,-0.1819,-4.82976
313,313,26657534,False,"[10749, 35, 80, 18]",2075,Prizzi's Honor,6.417917,6/14/1985,en,0,124,6.6,84,-0.1032,-1.38519
314,314,3650000,False,"[10752, 28, 12, 18, 10749, 53]",22584,To Have and Have Not,8.469086,10/11/1944,en,0,100,7.6,119,0.0,-0.599317
315,315,63833449,False,[35],8780,Baby Mama,8.421967,4/23/2008,en,30000000,99,5.8,217,0.114766667,-1.28357
316,316,60000,False,[18],473191,A Special Day,1.271829,8/5/2017,fa,150000,90,0.0,0,0.9765,-1.11199
317,317,719968,False,"[18, 53, 27]",5956,Joshua,5.950877,1/21/2007,en,0,105,5.8,82,-0.18734,-1.7429400000000002
318,318,3533227,False,"[9648, 18, 80, 53, 27]",10185,The Midnight Meat Train,7.125517,8/7/2008,en,15000000,98,6.0,315,0.033130769,-2.15615
319,319,22944502,False,"[28, 80]",9923,Domino,6.119905,9/22/2005,en,50000000,127,6.0,482,-0.134023529,-1.6162100000000001
320,320,57252,False,"[80, 18, 53]",118991,Keys to Tulsa,1.567632,4/11/1997,en,0,113,4.9,5,0.220425,-4.932519999999999
321,321,3206713,False,"[18, 28, 53, 80, 9648]",103299,Traces of Red,2.168115,11/13/1992,en,0,105,7.3,4,0.0,-3.15916
322,322,25819961,False,"[37, 36, 10752]",10733,The Alamo,5.822449,4/7/2004,en,145000000,137,5.8,112,0.0,-0.18899999999999997
323,323,18633656,False,"[35, 16, 12]",355547,The Star,132.840168,11/15/2017,en,18000000,86,4.6,49,-0.49255,-1.40804
324,324,1001437,False,"[18, 10749]",47889,Ruby in Paradise,2.001286,10/8/1993,en,800000,114,5.6,10,0.555957143,2.33357
325,325,402805,False,"[35, 10749]",113178,A Wake in Providence,1.016695,1/1/1999,en,0,94,0.0,0,-0.49325,-1.7435
326,326,65884703,False,"[28, 80, 18, 53]",111,Scarface,11.748176,12/8/1983,en,25000000,170,8.0,3236,0.328969231,1.62032
327,327,27100027,False,"[18, 16, 10751, 35, 14]",11497,All Dogs Go to Heaven,8.41491,11/17/1989,en,13800000,89,6.3,265,0.0,-0.049877099999999994
328,328,14000000,False,[27],16288,Creepshow 2,6.800814,5/1/1987,en,3500000,92,5.9,136,0.1084625,-2.27609
329,329,249348933,False,"[27, 9648]",565,The Ring,13.432326,10/18/2002,en,48000000,115,6.5,1879,-0.087,0.162894
330,330,22424195,False,"[80, 53, 27]",41374,The First Power,1.62348,4/6/1990,en,10000000,98,4.7,15,0.111714286,-0.8834069999999999
331,331,2074000,False,[99],73981,Ayurveda: Art of Being,1.423224,9/20/2001,en,300000,101,5.5,3,0.16315,-2.6642799999999998
332,332,10667893,False,"[28, 878]",10366,Universal Soldier: The Return,7.546384,8/5/1999,en,45000000,82,4.2,142,-0.117226087,-3.5933699999999997
333,333,26330482,False,"[80, 35]",2360,Saving Grace,6.396923,1/24/2000,en,10000000,93,6.4,127,0.107122222,-2.14161
334,334,62022014,False,"[28, 80, 27, 53]",326,Snakes on a Plane,9.241731,8/6/2006,en,33000000,105,5.1,541,-0.047765,-2.75773
335,335,13022756,False,"[35, 18, 10751]",24115,How to Eat Fried Worms,5.485458,1/1/2006,en,0,98,5.2,23,0.208073684,0.6332899999999999
336,336,18626419,False,"[18, 9648, 53]",9566,The Fan,7.148061,8/15/1996,en,55000000,116,5.7,221,0.2167125,-2.38727
337,337,131457682,False,"[12, 18, 36]",978,Seven Years in Tibet,8.814996,9/12/1997,en,70000000,136,7.0,701,-0.29645,-0.708742
338,338,7500000,False,"[28, 12, 18, 37]",15573,The Cowboys,4.365598,1/13/1972,en,6000000,131,7.0,60,0.0,0.113371
339,339,121214377,False,"[12, 28, 53, 878]",563,Starship Troopers,9.700677,11/6/1997,en,105000000,129,6.7,1662,0.0,-3.2728900000000003
340,340,832735,False,[99],25099,"Fast, Cheap & Out of Control",1.9177,10/3/1997,en,0,83,8.3,8,0.0,-1.4670299999999998
341,341,14202899,False,"[18, 10402]",1816,A Chorus Line,5.644194,12/10/1985,en,0,113,6.2,38,0.043995,-0.965043
342,342,14567,False,"[35, 27, 53, 9648]",139455,Silent Night,11.606735,11/30/2012,en,0,99,4.8,74,0.0,-1.11877
343,343,501533,False,"[18, 10749]",513,Fire,5.606651,9/6/1996,en,0,108,6.1,18,-0.24695,-0.5900569999999999
344,344,32788,False,[18],2324,Local Color,1.980025,9/19/2006,en,3250000,107,6.1,8,0.0,-1.3948399999999999
345,345,3250000,False,[878],830,Forbidden Planet,8.655882,3/15/1956,en,1900000,98,7.3,252,0.0,-0.922426
346,346,22168359,False,"[27, 53]",10160,A Nightmare on Elm Street 5: The Dream Child,12.528724,8/11/1989,en,8000000,89,5.4,278,0.059488235,-3.55913
347,347,171963386,False,"[35, 10749]",5966,Along Came Polly,8.018546,1/16/2004,en,42000000,90,5.8,854,-0.003588889,-2.2507200000000003
348,348,14793624,False,"[35, 10749]",15566,Surviving Christmas,9.118496,9/21/2004,en,45000000,91,5.3,122,0.063216667,0.527755
349,349,49620,False,"[35, 80, 53]",12241,Curdled,4.468011,9/6/1996,en,2300000,88,6.2,29,-0.2488,-3.8138900000000002
350,350,950000,False,[18],43896,The Informer,2.560872,5/9/1935,en,243000,91,6.6,25,-0.48035,-4.2266
351,351,12500000,False,"[18, 10752, 10749]",11706,War and Peace,4.583246,8/21/1956,en,6000000,208,6.8,51,0.2416,-0.7565029999999999
352,352,1100000,False,"[28, 18, 53]",106546,Moscow Heat,1.746078,11/24/2004,en,0,89,1.3,3,-0.18075,-1.92914
353,353,1081957,False,"[18, 10749]",44308,A Price Above Rubies,1.603836,3/26/1998,en,0,117,5.9,6,0.372025,-1.12921
354,354,196482882,False,"[35, 10749]",1824,50 First Dates,15.038775,2/13/2004,en,75000000,99,6.6,2321,0.0,-3.55944
355,355,79082515,False,"[35, 10751]",9714,Home Alone 3,15.04244,12/12/1997,en,32000000,102,5.1,706,-0.292286667,-2.78478
356,356,294456605,False,"[35, 10751, 14]",3050,Doctor Dolittle,9.71024,6/22/1998,en,71000000,85,5.3,791,-0.063830769,-3.5354900000000002
357,357,23006849,False,"[14, 10749, 10751, 35]",14191,Aquamarine,6.670269,3/3/2006,en,12000000,104,5.8,402,-0.3468,-1.2215799999999999
358,358,21011500,False,"[35, 10751]",46094,The Air Up There,4.256843,1/7/1994,en,17080000,107,5.0,43,0.0,-9.66906
359,359,8890685,False,"[28, 14]",15895,Deathstalker,3.364119,9/2/1983,en,0,80,4.2,26,-0.162041667,-2.206
360,360,163712074,False,"[878, 28, 12]",1724,The Incredible Hulk,21.354119,6/12/2008,en,150000000,114,6.1,3339,-0.140166667,-1.0120799999999999
361,361,32482682,False,"[18, 10749]",1713,Jungle Fever,5.933296,6/7/1991,en,14000000,132,6.0,76,0.169483333,-1.81162
362,362,356830601,False,"[28, 10749, 10752]",744,Top Gun,11.389584,5/16/1986,en,15000000,110,6.7,1866,0.9901,0.0816255
363,363,855810,False,"[18, 28]",89139,Angel Town,1.837577,2/23/1990,en,855,102,6.3,7,0.157166667,-3.2779599999999998
364,364,2411145,False,[18],46460,Wanda Nevada,2.464653,6/1/1979,en,0,107,6.5,9,0.0,-0.773957
365,365,299171,False,"[18, 35]",120694,Festival in Cannes,1.063571,11/3/2001,en,0,100,0.0,0,-0.37258,-3.15219
366,366,50282766,False,"[80, 53, 18]",241,Natural Born Killers,10.145916,8/25/1994,en,34000000,119,6.9,997,0.2226,-1.7861900000000002
367,367,16153593,False,"[18, 10749]",41823,Mo' Better Blues,5.428384,8/3/1990,en,10000000,129,6.2,55,0.0,-0.321811
368,368,34327391,False,"[28, 35, 10402, 10751, 12]",10874,Muppet Treasure Island,6.441009,2/16/1996,en,0,100,6.5,96,0.0,-0.666205
369,369,9247881,False,[35],37536,Ringmaster,1.669077,11/25/1998,en,3500000,90,3.8,13,0.29627,0.559459
370,370,17286299,False,"[35, 10749, 18]",13092,How to Lose Friends & Alienate People,8.600031,10/2/2008,en,27000000,110,6.2,263,0.24325,-0.335912
371,371,25000,False,"[14, 28, 35, 878, 10749]",31281,Ghosts Can't Do It,2.313746,1/1/1989,en,0,90,2.8,4,0.0,-1.7400099999999998
372,372,11000863,False,[35],53287,The Super,3.323236,10/4/1991,en,22000000,84,5.6,24,0.307466667,-4.32934
373,373,345141403,False,"[10751, 35, 14]",8871,How the Grinch Stole Christmas,32.476568,11/17/2000,en,123000000,104,6.2,1629,-0.004233333,-0.594774
374,374,367638,False,[18],10190,Towelhead,4.406225,9/12/2008,en,0,111,6.5,47,-0.4743,-0.899012
375,375,2000000,False,"[28, 80, 18]",28110,Dillinger,4.075799,7/20/1973,en,1000000,107,6.7,25,0.32528,-0.888867
376,376,16838910,False,"[53, 80, 10749]",9280,Femme Fatale,7.67257,11/6/2002,en,35000000,114,6.2,146,0.0,-1.85076
377,377,85300000,False,"[28, 35]",10890,Stripes,8.57668,6/25/1981,en,10000000,106,6.5,262,0.537166667,-1.35355
378,378,15379253,False,"[14, 35, 878, 10749]",2612,Mr. Destiny,5.123685,10/12/1990,en,20000000,110,6.1,61,-0.6166,-3.5215
379,379,6147,False,"[37, 53]",158916,Sweetwater,6.978516,1/24/2013,en,7000000,95,6.0,72,0.0,-3.56362
380,380,157387195,False,"[28, 53, 18]",8963,Crimson Tide,7.930306,5/12/1995,en,53000000,116,7.0,537,0.039711111,-2.22384
381,381,33395426,False,"[27, 18, 9648]",805,Rosemary's Baby,8.004037,6/12/1968,en,3200000,136,7.6,972,0.0,-1.04711
382,382,598645,False,"[35, 10749]",12779,Swept Away,4.604639,10/11/2002,en,10000000,89,4.8,60,-0.133171429,-2.56763
383,383,22611954,False,"[28, 12, 35, 53]",10723,Bulletproof,8.615565,9/6/1996,en,25000000,84,5.4,169,0.1529375,-1.7624799999999998
384,384,2387928,False,"[10749, 53]",39479,Love Crimes,1.795327,1/24/1992,en,0,90,4.5,5,-0.479,-0.704264
385,385,18195610,False,"[28, 80, 18]",9989,Antitrust,5.567705,1/12/2001,en,30000000,108,5.9,165,0.012145455,-3.46317
386,386,12368234,False,"[35, 80]",1594,A Shot in the Dark,8.80135,6/23/1964,en,0,102,7.3,124,0.0,-0.110247
387,387,186053725,False,"[16, 10751, 12, 878]",10865,Atlantis: The Lost Empire,11.233462,6/2/2001,en,120000000,95,6.7,1359,0.301096,1.26251
388,388,33000337,False,"[53, 27]",10577,Dracula 2000,6.463848,12/22/2000,en,28000000,99,4.7,162,-0.133942857,-2.66337
389,389,34942188,False,[35],57431,The Sitter,11.951697,12/9/2011,en,25000000,81,5.4,338,0.152466667,-2.0204299999999997
390,390,407778013,False,"[14, 53, 28, 12, 27]",282035,The Mummy,18.212849,6/6/2017,en,125000000,110,5.4,2491,0.0,-10.9824
391,391,3646994,False,"[18, 9648, 53]",35080,The Cat's Meow,2.969486,8/3/2001,en,7000000,114,6.0,33,-0.1779,-1.4659
392,392,34266564,False,"[53, 18, 80]",1359,American Psycho,10.81995,4/13/2000,en,7000000,102,7.3,2327,0.0,-1.40311
393,393,473993,False,[18],14634,The Stone Angel,1.886777,9/12/2007,en,0,116,5.6,8,0.49146,1.7279900000000001
394,394,245000,False,"[35, 18, 14, 10749]",46336,Four Eyed Monsters,1.567206,1/21/2005,en,250000,71,6.0,10,0.228725,-1.22099
395,395,58785180,False,"[35, 18, 10749]",38357,Morning Glory,9.199898,1/12/2010,en,40000000,102,6.2,446,0.0,-0.492195
396,396,109000000,False,[99],10946,Earth,5.667415,4/22/2007,en,15000000,90,7.5,144,0.111185714,-1.00329
397,397,85632458,False,"[28, 18, 10752]",9567,Tears of the Sun,8.894618,3/7/2003,en,70000000,121,6.5,619,-0.081175,-1.4593200000000002
398,398,30000000,False,"[10751, 35]",63459,Funky Monkey,1.789384,8/4/2004,en,0,94,4.3,6,0.0,-1.59552
399,399,22896728,False,"[28, 12, 35]",17108,Kung Fu Dunk,4.87721,2/7/2008,en,10000000,100,5.0,52,0.278685714,0.426088
400,400,29300000,False,"[28, 12, 80, 53]",9717,Shoot to Kill,5.111166,2/12/1988,en,0,109,6.8,48,0.0,-1.39459
401,401,121975011,False,"[12, 14, 10751]",10601,Peter Pan,11.959366,12/25/2003,en,100000000,113,6.9,729,0.0,-0.893243
402,402,1700000,False,"[18, 10749]",67307,The Big Town,1.775862,9/25/1987,en,0,109,5.9,9,-0.9121,-1.8031400000000002
403,403,13700000,False,[35],16888,The Ladies Man,3.439149,10/13/2000,en,24000000,84,5.6,37,0.207563158,1.7088700000000001
404,404,3202000,False,"[35, 10402, 10749]",3080,Top Hat,4.604253,9/6/1935,en,609000,101,7.4,69,0.9773,-0.48103199999999996
405,405,91549,False,"[9648, 27, 14]",12238,The Night Flier,5.732381,4/30/1997,en,1000000,93,5.8,67,0.0,-4.1249400000000005
406,406,369884651,False,"[10749, 35]",544,There's Something About Mary,10.122753,7/15/1998,en,23000000,119,6.5,1731,0.0,-3.00755
407,407,10178331,False,[18],18925,Facing the Giants,4.587476,9/29/2006,en,100000,111,6.5,66,0.076408333,-1.28348
408,408,38625550,False,"[35, 16, 10751]",9994,The Great Mouse Detective,7.421249,7/2/1986,en,14000000,74,6.9,379,-0.3219,-0.836557
409,409,2500000,False,"[18, 9648, 53]",996,Double Indemnity,8.256364,4/24/1944,en,927262,107,8.0,457,0.109144444,-0.791167
410,410,251775,False,"[18, 10402]",13842,Broken Bridges,1.90663,9/8/2006,en,0,105,4.3,6,0.0,-1.65505
411,411,100915,False,"[18, 10749]",9364,Wuthering Heights,5.7247,9/5/2011,en,8000000,129,6.0,78,-0.051311111,-1.9628900000000002
412,412,3000000,False,"[35, 18]",40973,Myra Breckinridge,2.462324,6/24/1970,en,5000000,94,4.8,9,0.044392857,-1.1149200000000001
413,413,35000000,False,"[14, 28]",16321,Zu Warriors,2.992644,8/9/2001,cn,0,104,5.2,13,0.0,-1.8156900000000002
414,414,140175006,False,"[16, 35, 10751, 14]",9297,Monster House,6.831145,7/21/2006,en,75000000,91,6.4,1008,-0.9503,-0.9879610000000001
415,415,183345589,False,"[12, 10751, 14]",267935,The BFG,28.01442,6/1/2016,en,140000000,120,6.1,1112,0.0,-0.566742
416,416,32017803,False,"[878, 53]",1272,Sunshine,11.406219,4/5/2007,en,50000000,107,6.9,1270,0.021825,-1.52147
417,417,127730736,False,"[18, 27, 53]",65086,The Woman in Black,10.002971,2/1/2012,en,17000000,95,6.1,1323,0.0,-1.9902099999999998
418,418,7690013,False,"[28, 12, 53, 80]",17585,Surviving the Game,3.965634,4/15/1994,en,7400000,96,6.1,58,0.189375,-2.3515200000000003
419,419,183474602,False,"[27, 9648, 53]",1970,The Grudge,10.877104,10/22/2004,en,10000000,92,5.8,959,0.23276,0.12023299999999999
420,420,107879496,False,"[35, 18, 10749]",9087,The American President,6.948206,11/17/1995,en,62000000,106,6.6,208,0.0,-0.911568
421,421,64459316,False,"[12, 16, 35, 10751]",11619,Flushed Away,9.548275,10/22/2006,en,149000000,85,6.0,990,-0.059754545,-2.36738
422,422,237202299,False,"[28, 80, 53]",9679,Gone in Sixty Seconds,6.830575,6/9/2000,en,90000000,118,6.1,1593,0.280433333,-1.87875
423,423,1596,False,[80],81048,Running Time,1.833887,12/18/1997,en,130000,70,6.1,7,-0.97,-4.874709999999999
424,424,26279000,False,"[10749, 35]",41280,Private Lessons,7.641996,8/21/1981,en,2800000,87,6.3,23,0.637533333,-1.71548
425,425,22222308,False,[18],2355,Reign Over Me,7.407853,3/23/2007,en,20000000,124,7.1,368,0.107517241,1.46055
426,426,9500000,False,"[18, 10769]",25511,London Dreams,1.227081,10/30/2009,en,0,151,5.3,4,-0.110761538,-2.17581
427,427,136766062,False,"[80, 18, 53]",242,The Godfather: Part III,16.577871,12/24/1990,en,54000000,162,7.1,1722,0.0,-0.411704
428,428,439564,False,"[12, 9648, 53]",47890,Sphinx,1.693578,2/11/1981,en,14000000,118,5.7,3,-0.16492,-0.7959649999999999
429,429,3154346,False,"[80, 18]",8923,Green Street Hooligans,7.677648,9/9/2005,en,0,109,7.1,703,-0.156966667,-1.01682
430,430,92863945,False,"[12, 18, 28, 10749]",9550,House of Flying Daggers,9.918439,5/19/2004,zh,0,119,7.1,478,0.156783333,-0.94025
431,431,5820015,False,"[18, 10749]",36094,Stanley & Iris,2.72903,2/9/1990,en,23000000,104,5.9,28,0.233917647,2.61554
432,432,497409852,False,"[12, 18, 10752]",652,Troy,13.54546,5/13/2004,en,175000000,163,6.9,3097,0.0477125,-0.7439680000000001
433,433,256249,False,[35],52936,In the Soup,2.519938,10/23/1992,en,0,93,6.0,11,0.0,-0.9112
434,434,115267375,False,[14],8840,DragonHeart,10.371524,5/31/1996,en,57000000,103,6.4,599,-0.254675,-4.53177
435,435,34710627,False,"[18, 10749]",38684,Jane Eyre,6.145302,3/11/2011,en,0,120,7.0,469,-0.147123077,-0.686429
436,436,36699403,False,"[35, 14, 10749]",13477,When in Rome,10.602003,1/29/2010,en,0,91,5.7,408,0.077288889,-2.4023
437,437,17432163,False,"[35, 10749]",9582,A Guy Thing,9.358907,1/17/2003,en,20000000,101,5.3,90,0.009592308,0.44783900000000004
438,438,4354510,False,"[18, 35, 10749]",5488,"I'm a Cyborg, But That's OK",6.04886,12/7/2006,ko,0,105,7.1,131,0.0,-0.902483
439,439,17519169,False,"[35, 18, 10749]",9089,Home for the Holidays,5.432424,11/2/1995,en,0,103,6.3,42,0.96535,-2.0316
440,440,20710451,False,"[18, 36]",10264,Hamlet,8.931482,12/19/1990,en,0,130,6.7,104,-0.075080357,0.35737199999999997
441,441,41382841,False,"[35, 18, 14, 10749]",10013,Peggy Sue Got Married,8.863233,10/5/1986,en,18000000,103,5.9,147,-0.00645,-0.943846
442,442,14334401,False,"[28, 35]",10074,Hot Rod,7.68413,8/3/2007,en,0,88,6.3,329,0.079035714,-2.58835
443,443,10006806,False,"[35, 10749]",10644,The Unbearable Lightness of Being,7.165107,2/5/1988,en,17000000,171,7.1,99,0.0,-1.7503799999999998
444,444,77920346,False,"[28, 53, 80]",5820,The Sentinel,7.754653,4/19/2006,en,60000000,108,5.8,237,0.191453333,0.9483719999999999
445,445,347234916,False,"[28, 878]",2048,"I, Robot",13.687715,7/15/2004,en,120000000,115,6.7,4175,0.0185625,-1.6974
446,446,8059140,False,"[27, 53]",12526,Bug,6.618154,5/19/2006,en,4000000,102,6.0,174,0.0,-4.66295
447,447,21510851,False,"[27, 53]",9656,Black Christmas,7.549217,12/25/2006,en,9000000,84,4.8,127,0.0,-0.419758
448,448,21284514,False,"[14, 18, 35, 53]",577,To Die For,7.066698,5/20/1995,en,20000000,106,6.7,193,0.4897,-3.62131
449,449,9697739,False,"[10751, 12]",13766,SpaceCamp,5.559044,6/6/1986,en,18000000,107,5.8,64,0.18390625,0.6057939999999999
450,450,14278900,False,"[12, 35, 18, 10751, 10749]",183,The Wizard,5.896752,12/15/1989,en,6000000,100,6.1,86,-0.429,-1.45769
451,451,1929168,False,"[18, 10749]",37636,High Art,3.615745,6/12/1998,en,0,101,6.4,34,-0.315066667,-5.12425
452,452,1596687,False,"[35, 10749]",24405,Chasers,5.534132,4/22/1994,en,0,102,4.8,27,0.0,-6.25874
453,453,51142659,False,"[28, 12, 35, 53]",11375,Hollywood Homicide,7.480679,6/9/2003,en,75000000,116,5.0,183,-0.04545,-2.2999
454,454,241,False,"[18, 14, 27]",41965,Paperhouse,4.030393,1/1/1988,en,0,92,6.7,39,0.25627619,0.9997010000000001
455,455,1410778,False,"[35, 18]",15402,The Notorious Bettie Page,4.738698,9/14/2005,en,0,91,6.5,47,0.179616667,0.0152568
456,456,500,False,"[35, 18, 10749]",382270,Closure,1.00831,6/12/2012,en,150,72,0.0,0,-0.074484615,-1.33978
457,457,35000000,False,"[28, 18, 37]",1712,Giant,6.509547,10/10/1956,en,5400000,201,7.5,182,-0.1496,-1.47043
458,458,31899000,False,"[27, 9648, 53]",11033,Dressed to Kill,7.032084,6/25/1980,en,6500000,105,6.8,172,0.0,-1.0823
459,459,3335984,False,"[35, 10749]",31503,My Boyfriend's Back,2.843019,8/6/1993,en,0,85,5.3,23,-0.19848,-3.3982699999999997
460,460,75597042,False,"[18, 10751]",14635,The Rookie,8.7278,3/25/2002,en,20000000,127,6.5,120,0.589966667,-1.83096
461,461,200276000,False,"[18, 53, 36, 10752]",2253,Valkyrie,9.659701,12/25/2008,en,75000000,121,6.7,1277,0.0,-1.9566599999999998
462,462,30000000,False,"[28, 12, 18, 53]",7227,Airport '77,4.82259,3/11/1977,en,6000000,114,5.9,75,-0.047633333,-2.00313
463,463,15171476,False,"[35, 18, 10751, 10402, 10749]",9037,Grease 2,6.828925,6/11/1982,en,13200000,115,4.9,198,-0.118071429,-1.00264
464,464,63327201,False,"[28, 12, 10749, 878, 53]",72710,The Host,12.082363,3/22/2013,en,44000000,125,6.0,1936,-0.0194375,-1.6847900000000002
465,465,24637469,False,"[18, 10402]",88036,Sparkle,4.072332,8/17/2012,en,14000000,116,5.8,38,0.255042857,1.60543
466,466,4000000,False,"[18, 28, 53, 80]",12628,Playing God,3.426904,10/17/1997,en,12000000,94,5.5,26,-0.159083333,-2.06668
467,467,57400547,False,"[28, 12]",9103,The Quest,5.646706,4/19/1996,en,30000000,95,5.3,135,0.0,0.749538
468,468,23367586,False,"[18, 10749]",13435,Antwone Fisher,7.0145,12/19/2002,en,12500000,120,6.7,149,0.36135,2.68791
469,469,30524763,False,"[14, 27, 53]",11428,Sleepwalkers,7.090693,4/10/1992,en,0,91,4.9,105,0.271272727,0.712648
470,470,68377859,False,"[35, 10749, 18]",7211,Dan in Real Life,7.7517,10/26/2007,en,25000000,98,6.6,387,0.259178947,1.36353
471,471,2000000,False,"[80, 18, 53]",10427,Red Rock West,5.060453,7/8/1993,en,8000000,98,6.4,74,0.007646667,1.8015700000000001
472,472,126546825,False,"[28, 878]",240832,Lucy,48.800106,7/14/2014,en,40000000,89,6.2,6500,0.176425,-1.16601
473,473,168167691,False,[18],11321,Seven Pounds,7.81375,12/18/2008,en,55000000,123,7.5,2273,-0.2531,-0.8994190000000001
474,474,95461682,False,"[35, 18, 10749]",13665,Arthur,7.789407,7/17/1981,en,7000000,97,6.5,135,0.0,-2.3233
475,475,70000000,False,"[27, 53]",948,Halloween,11.949158,10/24/1978,en,325000,91,7.4,1192,0.345730769,0.9227420000000001
476,476,13000000,False,"[18, 53]",17707,Brokedown Palace,9.536457,8/13/1999,en,25000000,100,6.3,121,0.0,-1.49841
477,477,14567883,False,"[28, 10752, 878]",9425,Soldier,7.175263,10/23/1998,en,75000000,99,6.0,234,0.275276667,1.32494
478,478,15369573,False,"[35, 10751, 878]",34086,Spaced Invaders,3.173724,4/27/1990,en,3000000,100,4.7,29,0.2366,0.551466
479,479,2395231,False,"[53, 80]",10909,Kalifornia,6.426634,9/1/1993,en,9000000,117,6.5,224,0.145225,1.45018
480,480,38290723,False,"[10749, 18, 80]",16295,Higher Learning,4.783932,1/11/1995,en,0,127,6.4,53,-0.05773125,1.49264
481,481,36611610,False,"[35, 18]",13698,Gung Ho,5.346699,3/13/1986,en,0,111,6.2,50,0.0,-1.02663
482,482,17900000,False,"[12, 14, 16, 35, 10751, 10402]",12335,Bedknobs and Broomsticks,7.699235,10/7/1971,en,20000000,117,6.8,282,0.247773333,2.08712
483,483,8049666,False,"[35, 18, 10749]",12572,"New York, I Love You",7.024174,9/6/2008,en,14700000,103,5.8,183,0.07073,-0.642359
484,484,37402877,False,"[18, 10751, 10402]",17917,Oliver!,9.934193,9/26/1968,en,10000000,153,7.0,112,0.170807692,1.8198599999999998
485,485,6908797,False,[18],35119,A Cry in the Dark,3.848367,11/11/1988,en,15000000,120,6.5,50,0.0,-0.185051
486,486,36733909,False,"[28, 12, 18, 53]",7305,Alive,7.210233,1/15/1993,en,32000000,120,6.7,412,0.122685714,0.720698
487,487,110803676,False,"[28, 12, 35]",6519,The Dukes of Hazzard,11.685344,8/5/2005,en,50000000,104,5.1,348,-0.133761538,-2.1564799999999997
488,488,72266306,False,"[28, 18, 53]",11951,Vanishing Point,6.67434,1/15/1971,en,1300000,99,7.2,117,0.2767,0.75734
489,489,383257136,False,"[16, 35, 10751, 12]",425,Ice Age,20.546289,3/10/2002,en,59000000,81,7.1,4277,0.095076667,0.5740850000000001
490,490,103738726,False,"[12, 28, 35, 53, 80]",8592,Dick Tracy,5.674841,6/15/1990,en,47000000,103,6.0,275,-0.125483333,-2.57048
491,491,44785053,False,[18],3116,Midnight Cowboy,9.052681,5/25/1969,en,3600000,113,7.5,333,0.0,-0.15079800000000002
492,492,1752038,False,[35],10078,Magicians,6.355778,5/18/2007,en,0,90,6.2,25,0.0,0.408744
493,493,1700000,False,"[18, 10749]",67307,The Big Town,1.775862,9/25/1987,en,0,109,5.9,9,-0.9121,-1.8031400000000002
494,494,240239,False,[99],24582,Manufactured Landscapes,2.592172,9/9/2006,en,0,90,7.3,15,0.10806,-1.25207
495,495,80640528,False,"[35, 18, 10749]",2039,Moonstruck,8.996911,12/18/1987,en,0,102,6.7,195,0.29926,2.77719
496,496,44527234,False,[35],11356,The Odd Couple,5.789312,2/7/1968,en,0,106,7.5,127,0.12987,2.5030799999999997
497,497,1296184,False,"[28, 12, 35, 53]",13191,"War, Inc.",6.592585,4/28/2008,en,5000000,106,5.6,89,-0.1978,-1.71702
498,498,190213455,False,"[28, 878, 53]",9383,Hollow Man,9.739024,8/4/2000,en,95000000,112,5.6,694,0.161633333,-0.37149699999999997
499,499,635096,False,"[18, 10752, 10749, 37]",22267,Ride with the Devil,5.713073,11/24/1999,en,38000000,138,6.6,51,0.128957143,-1.1811200000000002
500,500,34872033,False,"[27, 53, 35]",11284,Freddy's Dead: The Final Nightmare,10.483103,9/5/1991,en,11000000,89,5.1,304,-0.087636364,0.182542
501,501,122563539,False,"[37, 16, 12, 35, 10751]",9023,Spirit: Stallion of the Cimarron,8.967454,5/24/2002,en,80000000,83,7.4,981,0.178859091,1.85455
502,502,325233863,False,"[16, 18]",17979,A Christmas Carol,13.718141,11/4/2009,en,200000000,96,6.6,1259,0.103106,0.421034
503,503,4000000,False,"[18, 10749, 10769]",33142,Vivah,2.62818,11/10/2006,hi,10,162,6.5,26,-0.42415,-1.06707
504,504,31584901,False,"[35, 9648]",512,Scoop,6.683785,7/27/2006,en,4000000,96,6.4,467,0.176812,1.22336
505,505,50451307,False,"[35, 18, 10749]",11431,Fever Pitch,6.876429,4/6/2005,en,30000000,103,5.8,196,0.48315,-0.467291
506,506,472370,False,[18],266030,Party Girl,2.164918,8/27/2014,fr,0,95,6.9,14,0.27384,2.3117
507,507,44017374,False,"[27, 53]",694,The Shining,28.248754,5/22/1980,en,19000000,144,8.1,4344,-0.2408,-1.7703
508,508,1000000,False,"[18, 10749]",2998,Zabriskie Point,5.529823,2/9/1970,en,7000000,113,7.1,89,0.113312,1.5197100000000001
509,509,130293714,False,"[28, 18, 53, 80]",9509,Man on Fire,9.562333,4/23/2004,en,70000000,146,7.3,1664,0.0,-0.656643
510,510,222809600,False,"[28, 53, 9648]",225574,Non-Stop,21.093057,1/26/2014,en,50000000,106,6.8,2397,0.262114286,1.2657100000000001
511,511,11500000,False,[18],38557,The River,5.332731,12/1/1984,en,18000000,122,6.5,21,0.1426,2.73865
512,512,1258000,False,"[18, 27, 9648, 53]",72277,The Last Wave,2.811122,1/1/1977,en,810000,106,6.9,40,0.000325,1.35319
513,513,146292009,False,[18],873,The Color Purple,11.680162,12/18/1985,en,15000000,154,7.7,379,-0.2386,-0.182099
514,514,12207,False,"[99, 10752]",50062,The Ground Truth,1.004528,9/15/2006,en,500000,72,0.0,0,0.0,-1.2792
515,515,4857367,False,"[18, 10749]",2266,"Paris, je t'aime",10.090438,5/16/2006,fr,13000000,120,6.8,227,0.159908333,1.23207
516,516,5186646,False,"[80, 18, 53]",18588,52 Pick-Up,3.50913,11/7/1986,en,0,110,5.8,24,0.3632,-0.775421
517,517,50236831,False,"[14, 18, 35, 10751]",24795,Angels in the Outfield,6.035827,7/15/1994,en,0,102,5.8,130,0.132455556,3.0178599999999998
518,518,76578641,False,"[35, 18, 10749]",455,Bend It Like Beckham,6.542885,4/11/2002,en,3500159,112,6.2,650,0.9717,-0.163965
519,519,363258859,False,"[12, 16, 35, 10751]",9487,A Bug's Life,13.314047,11/25/1998,en,120000000,95,6.8,2596,0.18599,2.42197
520,520,1062253,False,"[18, 10749]",59210,The Mother,3.30939,1/1/2003,en,2500000,112,6.3,19,-0.001525,-0.47354799999999997
521,521,255000211,False,"[28, 12, 53]",9350,Cliffhanger,9.355405,5/28/1993,en,70000000,112,6.1,647,0.209485,1.72088
522,522,14225876,False,"[27, 878, 28]",24331,Scanners II: The New Order,2.665752,6/28/1991,en,0,104,4.6,22,0.0,-4.75071
523,523,17297244,False,"[28, 35, 80, 18, 53]",9515,The Matador,6.818872,5/12/2005,en,10000000,96,6.2,145,0.2004,2.0361700000000003
524,524,68392977,False,"[18, 10402, 10749]",13763,Purple Rain,5.849371,7/27/1984,en,7200000,111,6.7,99,0.135896429,1.7743900000000001
525,525,76514050,False,"[27, 53, 9648]",13788,The Unborn,7.376899,1/9/2009,en,16000000,87,4.9,401,0.0,-2.8268400000000002
526,526,57469467,False,"[18, 27]",8913,Pet Sematary,8.132245,4/21/1989,en,11500000,103,6.4,445,-0.141785714,-1.36161
527,527,203388341,False,"[18, 9648, 10749, 878, 53]",1903,Vanilla Sky,7.073076,12/10/2001,en,68000000,136,6.5,1182,0.0,-0.9510620000000001
528,528,13418091,False,[53],44326,Extremities,2.934475,8/22/1986,en,0,89,6.0,13,0.427407692,2.39607
529,529,391410,False,"[28, 12, 18, 27, 53]",15749,While She Was Out,5.158581,10/27/2008,en,6000000,108,4.8,38,-0.042037037,-2.62203
530,530,25005257,False,"[80, 18, 53]",7972,Before the Devil Knows You're Dead,7.601975,9/26/2007,en,18000000,117,6.9,397,0.244460714,1.2911299999999999
531,531,5535405,False,"[18, 10749]",76,Before Sunrise,9.483201,1/27/1995,en,2500000,105,7.7,1056,0.253996667,1.48157
532,532,426224,False,"[10749, 35, 18, 27]",10288,Fido,6.274175,9/7/2006,en,8000000,91,6.6,143,0.148333333,1.13269
533,533,543514353,False,"[10749, 14, 10751, 18]",150689,Cinderella,17.853442,3/12/2015,en,95000000,105,6.7,2580,0.0,-0.24977
534,534,127067,False,"[99, 10402]",1843,Dig!,2.371056,5/14/2004,en,0,107,7.2,20,0.0,-0.472358
535,535,6585516,False,"[28, 12, 18, 36]",10544,Ned Kelly,6.985726,3/22/2003,en,0,110,6.1,123,-0.003708333,-1.30898
536,536,181001478,False,"[53, 80, 18]",4147,Road to Perdition,8.393301,7/12/2002,en,80000000,117,7.3,1177,0.149162963,1.96777
537,537,354704,False,"[80, 18, 27, 53]",48309,Prison,2.590663,3/4/1988,en,1300000,102,6.7,27,0.012091667,1.2650299999999999
538,538,760883,False,"[16, 14, 878]",15035,Fire and Ice,5.788546,3/25/1983,en,1200000,81,6.4,40,0.329444444,1.39599
539,539,4400000,False,"[18, 53]",32020,Foxes,3.937096,2/29/1980,en,0,106,5.6,25,0.20538125,2.56853
540,540,38629478,False,"[80, 9648, 53]",3093,Basic Instinct 2,7.543018,3/29/2006,en,70000000,114,4.6,193,0.137668182,0.607126
541,541,13200170,False,"[10749, 18]",26561,Enchanted April,3.289453,11/6/1991,en,0,89,6.9,25,0.188788333,1.9213900000000002
542,542,135560026,False,"[12, 14, 10749, 10751]",2270,Stardust,10.874204,8/9/2007,en,70000000,127,7.2,1324,0.237053333,1.7019099999999998
543,543,53587404,False,"[14, 18, 27, 28, 53, 878]",10253,Dragon Wars: D-War,6.026141,2/8/2007,ko,70000000,90,4.0,106,0.130857143,0.0814098
544,544,14202899,False,"[18, 10402]",1816,A Chorus Line,5.644194,12/10/1985,en,0,113,6.2,38,0.043995,-0.965043
545,545,152500343,False,"[35, 18, 10749]",392,Chocolat,8.141895,12/14/2000,en,25000000,121,6.8,1057,0.374,2.04088
546,546,356830601,False,"[28, 10749, 10752]",744,Top Gun,11.389584,5/16/1986,en,15000000,110,6.7,1866,0.9901,0.0816255
547,547,4500000,False,"[18, 35, 10402, 10749]",2769,An American in Paris,9.844808,8/8/1951,en,2723903,113,6.9,140,0.191364,2.7145900000000003
548,548,13700000,False,[35],16888,The Ladies Man,3.439149,10/13/2000,en,24000000,84,5.6,37,0.207563158,1.7088700000000001
549,549,1845034188,False,"[18, 10749, 53]",597,Titanic,28.549703,11/18/1997,en,200000000,194,7.6,8385,0.222036364,0.8020109999999999
550,550,31596911,False,[12],11780,Rob Roy,10.13323,4/13/1995,en,28000000,139,6.5,165,-0.08325,-1.4190399999999999
551,551,36489888,False,"[35, 18, 10749]",25562,Soapdish,5.53352,5/31/1991,en,0,97,6.0,64,0.234803333,1.5140200000000001
552,552,46122355,False,"[18, 12, 53]",10669,Deliverance,6.615942,7/30/1972,en,2000000,109,7.3,468,0.16053,1.42499
553,553,48814909,False,[18],11978,Men of Honor,8.448912,9/13/2000,en,82343495,129,7.0,588,0.0,-0.282571
554,554,484572835,False,"[14, 35]",310,Bruce Almighty,9.867555,5/23/2003,en,80000000,101,6.5,3404,0.181369231,1.32723
555,555,22231658,False,"[35, 18, 10749]",3573,Emma,5.703418,8/2/1996,en,6000000,121,6.7,165,0.1601875,-1.9006
556,556,29762011,False,"[12, 14, 28, 35, 878]",9824,Mystery Men,6.024557,8/6/1999,en,68000000,121,5.7,261,0.162055172,1.05703
557,557,60896147,False,"[14, 18, 28, 35, 80, 878]",4474,My Super Ex-Girlfriend,5.920199,6/20/2006,en,0,95,4.8,483,0.130814286,0.858454
558,558,6797218,False,"[27, 10402]",25438,Trick or Treat,4.018731,10/24/1986,en,0,98,5.5,42,0.0,-1.54415
559,559,442824138,False,"[28, 18, 9648, 53]",2503,The Bourne Ultimatum,13.437615,8/3/2007,en,70000000,115,7.3,3063,-0.231533333,-0.614025
560,560,22231658,False,"[35, 18, 10749]",3573,Emma,5.703418,8/2/1996,en,6000000,121,6.7,165,0.1601875,-1.9006
561,561,2853801,False,"[18, 10751, 10749]",17474,The Man in the Moon,6.81291,9/30/1991,en,0,99,7.0,57,0.191156667,2.49778
562,562,13110448,False,"[18, 53, 80]",12149,Frailty,7.203402,11/17/2001,en,11000000,100,6.9,356,0.25624,0.8960459999999999
563,563,543514353,False,"[10749, 14, 10751, 18]",150689,Cinderella,17.853442,3/12/2015,en,95000000,105,6.7,2580,0.0,-0.24977
564,564,78898765,False,"[28, 53, 12]",657,From Russia with Love,12.984042,10/11/1963,en,2000000,115,7.0,831,0.214883333,1.06534
565,565,79817939,False,"[28, 12, 35]",10136,The Golden Child,7.466484,12/12/1986,en,25000000,94,5.6,323,0.2396,-1.63434
566,566,20710451,False,"[18, 36]",10264,Hamlet,8.931482,12/19/1990,en,0,130,6.7,104,-0.075080357,0.35737199999999997
567,567,3600000,False,"[9648, 878, 53]",12101,Soylent Green,6.21732,4/19/1973,en,0,97,6.8,323,0.0,-0.942435
568,568,8247943,False,"[27, 878]",9599,The Blob,9.407336,8/5/1988,en,19000000,95,6.4,204,0.0,-1.63206
569,569,38122105,False,"[28, 878]",865,The Running Man,8.224018,11/13/1987,en,27000000,101,6.4,748,0.056983333,-1.56431
570,570,1831348,False,"[28, 16, 878]",9389,Renaissance,7.174543,3/16/2006,fr,18000000,105,6.7,84,0.0,0.519096
571,571,35509515,False,"[28, 18, 53]",10083,No Way Out,6.730208,8/14/1987,en,15000000,114,6.9,169,0.0,1.31554
572,572,580527,False,"[35, 18]",2357,10 Items or Less,7.245501,9/11/2006,en,0,81,6.5,51,0.239214286,-0.7294510000000001
573,573,9317021,False,"[16, 878, 10751]",18890,We're Back! A Dinosaur's Story,6.838758,11/24/1993,en,0,72,5.7,119,0.2461125,0.653728
574,574,2816116,False,"[18, 10749]",25461,Raising Victor Vargas,7.627181,5/16/2002,en,800000,88,7.7,17,0.264166667,1.54074
575,575,77920346,False,"[28, 53, 80]",5820,The Sentinel,7.754653,4/19/2006,en,60000000,108,5.8,237,0.191453333,0.9483719999999999
576,576,7027290,False,[35],14013,BASEketball,8.370546,7/28/1998,en,0,103,5.9,161,-0.27335,-0.572805
577,577,2585639,False,"[80, 18, 9648, 53]",26719,House of Games,5.854592,10/11/1987,en,0,102,7.0,89,0.15375,2.44925
578,578,18994653,False,"[28, 18, 53]",9545,Sniper,6.943533,1/29/1993,en,0,98,5.9,114,-0.1819,-4.82976
579,579,60000,False,[18],473191,A Special Day,1.271829,8/5/2017,fa,150000,90,0.0,0,0.9765,-1.11199
580,580,22944502,False,"[28, 80]",9923,Domino,6.119905,9/22/2005,en,50000000,127,6.0,482,-0.134023529,-1.6162100000000001
581,581,3206713,False,"[18, 28, 53, 80, 9648]",103299,Traces of Red,2.168115,11/13/1992,en,0,105,7.3,4,0.0,-3.15916
582,582,1001437,False,"[18, 10749]",47889,Ruby in Paradise,2.001286,10/8/1993,en,800000,114,5.6,10,0.555957143,2.33357
583,583,65884703,False,"[28, 80, 18, 53]",111,Scarface,11.748176,12/8/1983,en,25000000,170,8.0,3236,0.328969231,1.62032
584,584,27100027,False,"[18, 16, 10751, 35, 14]",11497,All Dogs Go to Heaven,8.41491,11/17/1989,en,13800000,89,6.3,265,0.0,-0.049877099999999994
585,585,249348933,False,"[27, 9648]",565,The Ring,13.432326,10/18/2002,en,48000000,115,6.5,1879,-0.087,0.162894
586,586,168840000,False,"[878, 53, 9648]",63,Twelve Monkeys,9.625594,12/29/1995,en,29500000,129,7.4,2661,0.24095,1.54124
587,587,26330482,False,"[80, 35]",2360,Saving Grace,6.396923,1/24/2000,en,10000000,93,6.4,127,0.107122222,-2.14161
588,588,183611771,False,"[35, 10751]",10481,102 Dalmatians,7.087468,10/7/2000,en,85000000,100,5.1,352,-0.123906667,-2.09314
589,589,13022756,False,"[35, 18, 10751]",24115,How to Eat Fried Worms,5.485458,1/1/2006,en,0,98,5.2,23,0.208073684,0.6332899999999999
590,590,121214377,False,"[12, 28, 53, 878]",563,Starship Troopers,9.700677,11/6/1997,en,105000000,129,6.7,1662,0.0,-3.2728900000000003
591,591,3250000,False,[878],830,Forbidden Planet,8.655882,3/15/1956,en,1900000,98,7.3,252,0.0,-0.922426
592,592,14793624,False,"[35, 10749]",15566,Surviving Christmas,9.118496,9/21/2004,en,45000000,91,5.3,122,0.063216667,0.527755
593,593,950000,False,[18],43896,The Informer,2.560872,5/9/1935,en,243000,91,6.6,25,-0.48035,-4.2266
594,594,3166000,False,[99],291,Riding Giants,2.500612,7/9/2004,en,2600000,105,7.4,25,0.140595,1.36305
595,595,9247881,False,[35],37536,Ringmaster,1.669077,11/25/1998,en,3500000,90,3.8,13,0.29627,0.559459
596,596,17286299,False,"[35, 10749, 18]",13092,How to Lose Friends & Alienate People,8.600031,10/2/2008,en,27000000,110,6.2,263,0.24325,-0.335912
597,597,25000,False,"[14, 28, 35, 878, 10749]",31281,Ghosts Can't Do It,2.313746,1/1/1989,en,0,90,2.8,4,0.0,-1.7400099999999998
598,598,345141403,False,"[10751, 35, 14]",8871,How the Grinch Stole Christmas,32.476568,11/17/2000,en,123000000,104,6.2,1629,-0.004233333,-0.594774
599,599,770000,False,[18],198727,Pinjar,1.714732,10/22/2003,en,0,188,7.3,4,0.17716875,2.40422
600,600,15379253,False,"[14, 35, 878, 10749]",2612,Mr. Destiny,5.123685,10/12/1990,en,20000000,110,6.1,61,-0.6166,-3.5215
601,601,77745568,False,"[10749, 35, 80]",1389,Out of Sight,7.620994,6/26/1998,en,48000000,123,6.5,356,0.0,0.079846
602,602,22611954,False,"[28, 12, 35, 53]",10723,Bulletproof,8.615565,9/6/1996,en,25000000,84,5.4,169,0.1529375,-1.7624799999999998
603,603,2387928,False,"[10749, 53]",39479,Love Crimes,1.795327,1/24/1992,en,0,90,4.5,5,-0.479,-0.704264
604,604,67642693,False,"[28, 80, 53]",10650,Sudden Impact,8.498479,12/7/1983,en,22000000,117,6.6,225,0.136496667,1.48767
605,605,186053725,False,"[16, 10751, 12, 878]",10865,Atlantis: The Lost Empire,11.233462,6/2/2001,en,120000000,95,6.7,1359,0.301096,1.26251
606,606,13007551,False,"[80, 18]",18900,In Cold Blood,6.091175,12/14/1967,en,3500000,134,7.5,92,0.054986667,1.78472
607,607,34942188,False,[35],57431,The Sitter,11.951697,12/9/2011,en,25000000,81,5.4,338,0.152466667,-2.0204299999999997
608,608,473993,False,[18],14634,The Stone Angel,1.886777,9/12/2007,en,0,116,5.6,8,0.49146,1.7279900000000001
609,609,170128460,False,"[18, 10749, 35]",4380,Shall We Dance?,8.556636,10/15/2004,en,50000000,107,5.9,329,0.161443333,2.50541
610,610,58785180,False,"[35, 18, 10749]",38357,Morning Glory,9.199898,1/12/2010,en,40000000,102,6.2,446,0.0,-0.492195
611,611,109000000,False,[99],10946,Earth,5.667415,4/22/2007,en,15000000,90,7.5,144,0.111185714,-1.00329
612,612,22896728,False,"[28, 12, 35]",17108,Kung Fu Dunk,4.87721,2/7/2008,en,10000000,100,5.0,52,0.278685714,0.426088
613,613,554987477,False,"[28, 12, 16, 10751, 14]",417859,Puss in Boots,8.241893,10/28/2011,en,130000000,90,6.4,565,-0.19768,1.99365
614,614,43440294,False,[18],293,A River Runs Through It,9.383502,10/9/1992,en,0,123,7.0,261,-0.042542857,-3.15061
615,615,35000000,False,"[14, 28]",16321,Zu Warriors,2.992644,8/9/2001,cn,0,104,5.2,13,0.0,-1.8156900000000002
616,616,127730736,False,"[18, 27, 53]",65086,The Woman in Black,10.002971,2/1/2012,en,17000000,95,6.1,1323,0.0,-1.9902099999999998
617,617,183474602,False,"[27, 9648, 53]",1970,The Grudge,10.877104,10/22/2004,en,10000000,92,5.8,959,0.23276,0.12023299999999999
618,618,31899000,False,"[27, 9648, 53]",11033,Dressed to Kill,7.032084,6/25/1980,en,6500000,105,6.8,172,0.0,-1.0823
619,619,39031337,False,"[28, 35, 53, 80, 878]",8285,The Spirit,7.899919,12/25/2008,en,60000000,103,4.7,340,0.0,0.810038
620,620,237202299,False,"[28, 80, 53]",9679,Gone in Sixty Seconds,6.830575,6/9/2000,en,90000000,118,6.1,1593,0.280433333,-1.87875
621,621,22222308,False,[18],2355,Reign Over Me,7.407853,3/23/2007,en,20000000,124,7.1,368,0.107517241,1.46055
622,622,5820015,False,"[18, 10749]",36094,Stanley & Iris,2.72903,2/9/1990,en,23000000,104,5.9,28,0.233917647,2.61554
623,623,36699403,False,"[35, 14, 10749]",13477,When in Rome,10.602003,1/29/2010,en,0,91,5.7,408,0.077288889,-2.4023
624,624,17432163,False,"[35, 10749]",9582,A Guy Thing,9.358907,1/17/2003,en,20000000,101,5.3,90,0.009592308,0.44783900000000004
625,625,77920346,False,"[28, 53, 80]",5820,The Sentinel,7.754653,4/19/2006,en,60000000,108,5.8,237,0.191453333,0.9483719999999999
626,626,8059140,False,"[27, 53]",12526,Bug,6.618154,5/19/2006,en,4000000,102,6.0,174,0.0,-4.66295
627,627,57891803,False,"[27, 53]",11460,Red Eye,6.991706,8/4/2005,en,26000000,85,6.2,512,-0.309,-1.11876
628,628,21284514,False,"[14, 18, 35, 53]",577,To Die For,7.066698,5/20/1995,en,20000000,106,6.7,193,0.4897,-3.62131
629,629,9697739,False,"[10751, 12]",13766,SpaceCamp,5.559044,6/6/1986,en,18000000,107,5.8,64,0.18390625,0.6057939999999999
630,630,27409889,False,[18],18320,The Young Victoria,9.254815,3/4/2009,en,35000000,105,7.1,354,0.125716667,1.75616
631,631,1596687,False,"[35, 10749]",24405,Chasers,5.534132,4/22/1994,en,0,102,4.8,27,0.0,-6.25874
632,632,241,False,"[18, 14, 27]",41965,Paperhouse,4.030393,1/1/1988,en,0,92,6.7,39,0.25627619,0.9997010000000001
633,633,1410778,False,"[35, 18]",15402,The Notorious Bettie Page,4.738698,9/14/2005,en,0,91,6.5,47,0.179616667,0.0152568
634,634,75597042,False,"[18, 10751]",14635,The Rookie,8.7278,3/25/2002,en,20000000,127,6.5,120,0.589966667,-1.83096
635,635,1531489,False,"[28, 80, 18]",123770,The Last of the Finest,2.082822,3/9/1990,en,12000000,106,5.4,5,0.0,2.4266400000000004
636,636,24637469,False,"[18, 10402]",88036,Sparkle,4.072332,8/17/2012,en,14000000,116,5.8,38,0.255042857,1.60543
637,637,25442939,False,"[18, 37]",399019,The Beguiled,23.641745,6/23/2017,en,10500000,93,5.8,439,0.0,1.0296100000000001
638,638,5781885,False,"[27, 878]",9102,Screamers,6.484106,9/8/1995,en,20000000,108,6.1,158,0.14368,-1.01478
639,639,215294342,False,"[18, 36, 10752, 28]",2024,The Patriot,9.704977,6/28/2000,en,110000000,165,6.8,1218,0.114571429,-3.1401
640,640,12854953,False,"[18, 10749]",843,In the Mood for Love,7.135663,5/22/2000,cn,0,98,7.9,420,0.0,1.1973200000000002
641,641,73276047,False,[18],7979,The Kite Runner,5.26356,10/14/2007,en,20000000,128,7.3,435,0.314975,-0.332365
642,642,84375061,False,"[18, 10749]",14326,Nights in Rodanthe,6.280024,9/26/2008,en,0,97,5.9,168,0.109994118,-0.631015
643,643,3418141,False,"[28, 35, 10751]",65137,Father Hood,3.273934,8/27/1993,en,0,95,5.5,21,0.0,-1.7177900000000002
644,644,117575636,False,"[80, 18, 27, 9648, 878, 53]",10145,The Forgotten,6.997902,9/24/2004,en,42000000,91,5.5,378,0.0,-0.829355
645,645,89456761,False,"[80, 28, 9648, 53]",11412,The Long Kiss Goodnight,8.831809,10/11/1996,en,65000000,120,6.5,348,0.0,0.791043
646,646,53187659,False,"[53, 878, 28]",2787,Pitch Black,6.540455,2/18/2000,en,23000000,108,6.7,1903,0.0,-0.15896
647,647,819939,False,"[18, 35, 10749]",15708,Latter Days,5.572361,7/10/2003,en,850000,107,6.8,60,0.0,1.00157
648,648,11000000,False,[35],914,The Great Dictator,8.634475,10/15/1940,en,2000000,125,8.2,817,-0.283071429,-0.8879520000000001
649,649,84565230,False,"[10749, 35, 18]",11355,Never Been Kissed,6.833089,4/9/1999,en,25000000,107,5.8,416,0.0,-1.00749
650,650,21486757,False,"[35, 80, 10749]",2321,Married to the Mob,7.053869,8/19/1988,en,10000000,104,5.8,70,-0.133842857,-0.621491
651,651,501533,False,"[18, 10749]",513,Fire,5.606651,9/6/1996,en,0,108,6.1,18,-0.24695,-0.5900569999999999
652,652,362744280,False,"[53, 80]",163,Ocean's Twelve,10.471163,12/9/2004,en,110000000,125,6.4,2302,-0.191904348,-1.49895
653,653,56714147,False,"[80, 18, 53]",11892,Murder by Numbers,6.532055,4/19/2002,en,50000000,120,6.0,293,0.00879478,-2.95511
654,654,2500000,False,"[35, 18]",10098,The Kid,8.664336,1/21/1921,en,250000,68,8.0,442,0.129718182,-2.6924
655,655,3484331,False,"[28, 18, 36, 37]",10935,Heaven's Gate,5.605033,11/19/1980,en,44000000,219,6.6,62,-0.208630769,-0.622161
656,656,20000000,False,"[35, 10749]",18722,Mr. Baseball,3.27487,10/1/1992,en,0,108,5.8,39,0.0,-0.472182
657,657,16991902,False,"[10402, 18, 35]",12508,Rock Star,6.934219,9/4/2001,en,57000000,105,6.0,202,0.0,-0.9077649999999999
658,658,50315140,False,"[18, 878]",167,K-PAX,8.898945,10/22/2001,en,48000000,120,7.2,773,0.0,0.724024
659,659,9801375,False,"[18, 10749]",1791,The Piano Teacher,7.252297,5/14/2001,fr,3000000,131,7.2,210,0.1051125,-1.2756299999999998
660,660,7305209,False,[35],26827,Who's That Girl,5.394197,8/7/1987,en,0,92,5.1,53,-0.051622222,-2.21006
661,661,631221,False,[27],27791,Strangeland,3.236562,10/2/1998,en,1100000,86,4.7,36,0.044205,-2.03346
662,662,3468572,False,[18],10132,Talk Radio,6.11315,12/21/1988,en,4000000,110,6.6,49,0.0,-0.405634
663,663,45479110,False,"[18, 14, 27]",11979,Queen of the Damned,6.218571,2/10/2002,en,35000000,101,5.5,263,-0.00629,-0.916962
664,664,152000000,False,"[18, 27, 10402]",13885,Sweeney Todd: The Demon Barber of Fleet Street,9.901373,12/20/2007,en,50000000,116,7.0,1892,-0.241575,-0.336502
665,665,36609995,False,"[10749, 35, 18]",2621,Return to Me,5.911647,4/7/2000,en,24000000,115,6.1,72,0.0,2.4473
666,666,45858563,False,"[12, 18, 28, 10749]",11002,"Greystoke: The Legend of Tarzan, Lord of the Apes",6.075528,3/30/1984,en,0,143,6.0,118,0.113466667,-0.5814010000000001
667,667,1237615,False,"[9648, 80, 18, 53]",18777,Slow Burn,2.440269,9/12/2005,en,15500000,93,5.5,16,0.0,0.08233589999999999
668,668,38505009,False,[35],9788,Accepted,7.269129,8/18/2006,en,23000000,93,6.2,438,-0.131244444,-1.43184
669,669,10903846,False,[18],7874,Black Snake Moan,6.746003,12/8/2006,en,15000000,116,6.6,259,0.0,0.334094
670,670,160000000,False,"[12, 28, 53]",36670,Never Say Never Again,11.885624,10/7/1983,en,36000000,134,5.8,367,0.013,-0.40389200000000003
671,671,231976425,False,"[18, 10749, 10752]",409,The English Patient,6.903152,11/14/1996,en,27000000,162,7.0,598,-0.2121,-0.107079
672,672,13405595,False,"[35, 10402]",2179,Tenacious D in The Pick of Destiny,6.583977,11/22/2006,en,22000000,93,6.6,453,0.010275,-0.27761199999999997
673,673,153962963,False,"[10749, 35, 80, 18]",256591,Focus,10.672398,2/25/2015,en,50100000,105,6.7,2737,0.243557143,-2.0188900000000003
674,674,2365467,False,[18],157847,Joe,11.058725,4/11/2014,en,4000000,118,6.5,362,0.0,-0.33273800000000003
675,675,23650000,False,"[18, 36, 10749]",887,The Best Years of Our Lives,6.806194,12/25/1946,en,2100000,172,7.6,155,0.0,1.6877900000000001
676,676,24748670,False,"[18, 53]",5125,Rendition,8.82011,9/7/2007,en,27500000,120,6.3,223,-0.20305,-0.177991
677,677,51249404,False,"[35, 18, 10749]",12626,Broadcast News,7.31389,12/16/1987,en,20000000,133,6.8,107,0.0,1.09293
678,678,131183530,False,"[27, 28]",36647,Blade,11.234773,8/21/1998,en,45000000,120,6.5,2061,0.6386,-1.36057
679,679,18653615,False,"[18, 35, 10749]",21349,Anywhere But Here,5.317399,11/12/1999,en,23000000,114,5.9,69,0.0,-0.149427
680,680,55011732,False,"[28, 12, 18]",4643,The Guardian,8.321034,9/28/2006,en,70000000,139,6.8,420,0.104985714,-1.2912700000000001
681,681,72778712,False,"[28, 35, 99]",12094,Jackass Number Two,6.387799,9/22/2006,en,11000000,95,6.4,327,-0.4417,-0.7817069999999999
682,682,66966987,False,"[27, 53]",10053,When a Stranger Calls,6.904156,2/3/2006,en,15000000,87,5.4,299,0.001546154,-1.40393
683,683,2856712,False,"[28, 53, 878, 27]",1946,eXistenZ,7.818891,4/14/1999,en,15000000,97,6.7,525,0.0,-0.696182
684,684,16123851,False,"[18, 10749]",11632,Vanity Fair,5.352637,9/1/2004,en,23000000,141,5.5,81,0.0,0.187091
685,685,39321715,False,"[35, 10749]",918,Blind Date,6.864958,3/27/1987,en,18000000,95,5.6,122,0.0,0.25459699999999996
686,686,7000000,False,"[80, 18, 53]",845,Strangers on a Train,7.228275,6/18/1951,en,1200000,101,7.6,405,0.0,0.773008
687,687,4651977,False,[18],20763,Radio Flyer,5.499585,2/21/1992,en,35000000,114,6.7,57,-0.0011,-0.9680690000000001
688,688,12601706,False,"[36, 18, 10752]",225728,Macbeth,8.560664,8/16/2015,en,15000000,113,6.5,533,0.0,-0.312021
689,689,2154696,False,"[35, 10749, 10751]",73247,Heartbeeps,4.005515,12/18/1981,en,10000000,79,3.6,7,0.125514286,-1.59112
690,690,26570463,False,"[27, 35]",9406,An American Werewolf in Paris,8.259233,12/25/1997,en,22000000,105,5.2,161,0.080327273,-2.74897
691,691,77741732,False,"[28, 35]",5851,Showtime,7.293304,3/14/2002,en,85000000,95,5.3,301,0.150025,-0.765798
692,692,15826984,False,[12],11231,The Next Karate Kid,6.470171,7/18/1994,en,12000000,107,4.8,219,0.242909091,-1.75378
693,693,89460381,False,"[18, 10752]",28,Apocalypse Now,16.393904,8/15/1979,en,31500000,153,8.1,2294,0.0,0.384701
694,694,8862354,False,"[28, 18, 14, 27]",20481,Nightbreed,6.029138,2/16/1990,en,11000000,102,6.4,109,0.324966667,-0.35084
695,695,20080020,False,"[12, 10751]",36355,Flipper,6.39539,5/17/1996,en,25530000,95,5.3,88,0.0,-0.518942
696,696,27107960,False,[878],3604,Flash Gordon,7.437376,9/1/1980,en,35000000,111,6.1,251,0.0,-0.626487
697,697,13000000,False,"[35, 18]",35711,Cooley High,2.766022,6/25/1975,en,750000,107,7.3,18,-0.48615,0.0322333
698,698,6000000,False,"[35, 80]",692,Pink Flamingos,4.988624,3/12/1972,en,12000,93,6.2,121,0.009628571,-0.770926
699,699,106260000,False,[18],12102,Kramer vs. Kramer,7.151923,12/18/1979,en,8000000,105,7.4,521,0.0,1.17373
700,700,176070171,False,"[28, 80]",9654,The Italian Job,10.101015,5/30/2003,en,60000000,110,6.6,2067,-0.0383375,-1.63221
701,701,39363635,False,[18],687,Dead Man Walking,6.78208,12/29/1995,en,11000000,122,7.3,381,0.0,1.1144399999999999
702,702,7985929,False,"[35, 18, 10751]",47881,My Giant,4.147914,4/10/1998,en,0,103,5.1,34,0.0,-5.10816
703,703,173013509,False,"[36, 18, 12]",2289,Cold Mountain,8.101738,12/24/2003,en,79000000,154,6.8,578,0.066606667,-0.982374
704,704,1200000,False,"[80, 18]",173689,Lights of New York,1.392344,7/18/1928,en,75000,57,5.7,3,0.0,0.49222299999999997
705,705,110627965,False,"[80, 18, 9648, 53, 28]",1642,The Net,9.483887,7/28/1995,en,22000000,114,5.7,381,0.0,-1.11809
706,706,10250000,False,"[12, 80, 18, 9648, 53]",574,The Man Who Knew Too Much,8.700547,6/1/1956,en,2500000,120,7.3,298,0.0,0.168007
707,707,15116634,False,"[27, 53]",10987,Halloween: The Curse of Michael Myers,7.336308,9/29/1995,en,5000000,88,5.0,187,0.150747368,-1.7739200000000002
708,708,2835116,False,[18],18197,Running on Empty,5.019264,9/7/1988,en,0,116,7.5,64,0.0,-0.0726408
709,709,15073942,False,"[28, 12, 53]",10750,Toy Soldiers,8.747743,4/24/1991,en,0,112,6.2,97,0.0,0.389808
710,710,399,False,"[18, 10769]",14785,Bandit Queen,1.964267,9/9/1994,en,0,119,7.2,12,-0.116866667,0.24965
711,711,57915972,False,"[80, 35]",11896,Throw Momma from the Train,6.110689,12/11/1987,en,14000000,88,6.0,152,0.0,-0.125236
712,712,35739755,False,[35],8005,Robin Hood: Men in Tights,9.870431,7/28/1993,en,20000000,104,6.4,614,0.0,0.840832
713,713,104155843,False,"[27, 878, 53]",8843,The Cell,9.76131,8/17/2000,en,33000000,107,6.0,466,-0.18825,-1.3335299999999999
714,714,3109904,False,[27],24924,Night of the Demons,5.921193,10/14/1988,en,1200000,90,6.2,76,0.001771429,-1.06835
715,715,220021259,False,"[9648, 53]",207932,Inferno,14.414847,10/13/2016,en,75000000,121,5.7,2493,0.0,-6.5956399999999995
716,716,97437106,False,"[10749, 16, 12, 35, 10751, 14]",228326,The Book of Life,7.202456,10/1/2014,en,50000000,95,7.3,814,-0.201016667,-1.37524
717,717,22942221,False,"[28, 80, 18, 53]",4597,Armored,7.238112,12/4/2009,en,20000000,88,5.5,222,0.2242,-1.8601400000000001
718,718,1800000,False,[18],140581,Damaged Lives,1.377743,9/15/1933,en,10000,61,3.5,2,0.0,-0.0549373
719,719,119000410,False,"[35, 18, 36]",6538,Charlie Wilson's War,6.498904,12/19/2007,en,75000000,102,6.5,367,0.026,-0.47656499999999996
720,720,76657000,False,"[10402, 12, 35, 10751]",11176,The Muppet Movie,6.808445,5/31/1979,en,0,97,7.0,175,0.0,1.11303
721,721,35610100,False,"[80, 18, 28, 53]",14664,Sharky's Machine,4.225409,12/18/1981,en,0,122,6.1,32,0.0,0.991489
722,722,176997168,False,"[28, 18, 53, 80, 9648]",9386,In the Line of Fire,8.676696,7/8/1993,en,40000000,128,6.8,414,0.0,-0.538556
723,723,28200,False,"[99, 10402]",53079,Who Is Harry Nilsson (And Why Is Everybody Talkin' About Him?),1.776502,10/26/2010,en,0,116,7.6,12,0.0,1.20708
724,724,25000000,False,"[35, 18, 10749]",284,The Apartment,10.134602,6/15/1960,en,3000000,125,8.1,539,0.28535,-0.127183
725,725,319131050,False,"[18, 28, 53, 10752]",16869,Inglourious Basterds,24.750946,8/18/2009,en,70000000,153,7.9,7059,0.146628571,-0.9592120000000001
726,726,16945171,False,"[28, 80, 18, 53]",24873,Death Wish 3,6.358443,11/1/1985,en,9000000,92,6.1,72,0.0,-0.809856
727,727,278304578,False,"[27, 53]",381288,Split,24.601236,11/15/2016,en,9000000,117,7.0,5015,0.0,0.476396
728,728,589390539,False,"[28, 12, 35, 878]",607,Men in Black,14.091796,7/2/1997,en,90000000,98,6.9,4835,0.0,-0.601216
729,729,43101594,False,[18],4995,Boogie Nights,7.997701,9/11/1997,en,15000000,155,7.5,865,-0.42795,-0.257444
730,730,280000000,False,"[28, 14]",364,Batman Returns,8.945291,6/19/1992,en,80000000,126,6.7,1845,0.0,0.5060319999999999
731,731,20497844,False,"[18, 53, 878]",339988,The Circle,57.596217,4/27/2017,en,18000000,110,5.4,1232,0.0,0.476242
732,732,38535221,False,[18],1913,The Sea Inside,10.408162,9/3/2004,es,12806000,125,7.3,241,-0.3311,-0.624292
733,733,50007546,False,"[35, 18, 10749]",13972,The Women,6.903459,9/12/2008,en,16000000,114,4.6,103,0.011671429,-0.883943
734,734,343816,False,"[80, 18]",13573,The United States of Leland,6.487051,1/18/2003,en,0,108,6.5,98,-0.137933333,-0.312214
735,735,12706478,False,"[9648, 53]",9748,D.O.A.,7.012199,3/18/1988,en,0,96,5.9,39,-0.125111111,-1.10537
736,736,74608570,False,"[18, 10749]",12618,Random Hearts,5.246651,10/8/1999,en,64000000,133,5.2,67,0.044423529,-2.9337299999999997
737,737,68700000,False,"[878, 9648, 12]",62,2001: A Space Odyssey,16.42756,4/10/1968,en,10500000,149,7.9,3348,0.157783333,-1.13742
738,738,113019290,False,"[18, 10749]",8055,The Reader,9.833574,12/10/2008,en,32000000,124,7.3,904,0.0,1.3837700000000002
739,739,119718203,False,"[35, 18, 14]",2928,Michael,7.907148,12/25/1996,en,0,105,5.5,186,-0.098928571,-2.18367
740,740,356613439,False,"[53, 9648]",13448,Angels & Demons,13.121823,5/13/2009,en,150000000,138,6.5,2399,-0.029346667,-0.41823599999999994
741,741,28460702,False,"[35, 10749]",36361,House Calls,1.755562,3/15/1978,en,0,98,7.6,5,0.0,1.1580700000000002
742,742,124731534,False,"[18, 10402]",1677,Ray,7.299801,10/29/2004,en,40000000,152,7.2,524,0.0,0.0159464
743,743,32648673,False,[35],11381,Tommy Boy,7.290292,3/31/1995,en,0,97,6.7,332,0.221733333,-1.52271
744,744,311245,False,"[35, 18]",34328,Monster in a Box,1.141324,5/15/1992,en,0,87,4.8,4,0.0,0.389048
745,745,45100,False,"[18, 36]",643,Battleship Potemkin,8.934199,12/24/1925,ru,0,75,7.5,233,0.0,-0.200016
746,746,17693675,False,[18],76025,Shame,10.38798,10/2/2011,en,6500000,100,7.0,961,0.24825,0.0252303
747,747,15705007,False,"[9648, 18, 53, 10749, 10752]",10491,Enigma,5.335726,1/22/2001,en,0,119,6.1,81,0.0,-0.251209
748,748,14363400,False,[18],24153,The Buddy Holly Story,3.076982,5/18/1978,en,1200000,113,7.5,33,-0.258033333,-0.0448445
749,749,192452832,False,"[12, 16, 35, 10751]",533,The Curse of the Were-Rabbit,10.845361,9/4/2005,en,30000000,85,6.8,705,0.0,0.252853
750,750,346594,False,"[18, 14]",44638,The Tempest,2.903024,12/10/2010,en,20000000,110,6.0,31,0.39225,-1.1684299999999999
751,751,460226,False,"[18, 28, 80]",934,Rififi,6.102953,4/13/1955,fr,0,122,7.7,102,0.0,0.931847
752,752,36448200,False,"[35, 18, 10749]",13203,Son in Law,6.381064,7/2/1993,en,0,95,5.6,83,0.269925,-1.12507
753,753,13200170,False,"[10749, 18]",26561,Enchanted April,3.289453,11/6/1991,en,0,89,6.9,25,0.188788333,1.9213900000000002
754,754,52970014,False,"[35, 10751]",11870,Big Fat Liar,7.438193,2/8/2002,en,15000000,88,5.5,216,0.327333333,-0.135575
755,755,4398938,False,"[35, 18]",11832,Babette's Feast,6.131317,8/28/1987,da,0,102,7.0,84,0.0,1.5373
756,756,71868327,False,"[28, 12, 35]",134,"O Brother, Where Art Thou?",8.391545,8/30/2000,en,26000000,106,7.3,1207,0.24675,-0.025937400000000003
757,757,4000000,False,"[35, 18]",11129,Human Traffic,6.48852,6/4/1999,en,600000,99,6.7,105,-0.193583333,-1.08341
758,758,51718367,False,"[53, 18]",988,The China Syndrome,6.326169,3/16/1979,en,5900000,122,7.1,103,0.0,1.0308700000000002
759,759,33771174,False,"[35, 18, 10749]",10564,Where the Heart Is,6.176906,4/27/2000,en,15000000,120,6.9,170,0.0,-0.90722
760,760,17343596,False,"[35, 10749]",19053,Valley Girl,4.990862,4/8/1983,en,350000,99,6.1,66,0.0,0.100563
761,761,11740000,False,"[12, 18, 36, 10752]",11646,Gallipoli,7.548811,8/13/1981,en,3000000,112,7.1,121,0.0,-0.07398049999999999
762,762,45892212,False,"[28, 53, 80]",4105,Black Rain,7.986245,9/22/1989,en,30000000,125,6.2,264,-0.257,-0.404391
763,763,50671850,False,[27],11932,Bride of Chucky,7.283501,10/16/1998,en,25000000,89,5.5,401,0.0,-0.575665
764,764,1143856,False,"[18, 53, 9648, 10749]",17606,The Other Man,5.083486,12/25/2008,en,15000000,90,5.1,60,0.0,1.5153299999999998
765,765,9800000,False,"[18, 878]",400710,Flatliners,18.700337,9/28/2017,en,19000000,110,5.4,92,0.115628571,-0.605226
766,766,495303,False,"[12, 35, 878]",7512,Idiocracy,7.255815,9/1/2006,en,30000000,84,6.3,728,0.0,-0.265235
767,767,15431177,False,"[18, 10751]",15487,The Greatest Game Ever Played,6.600302,9/30/2005,en,25000000,120,6.9,122,0.0,-0.690082
768,768,126546825,False,"[28, 878]",240832,Lucy,48.800106,7/14/2014,en,40000000,89,6.2,6500,0.176425,-1.16601
769,769,68766121,False,[27],10066,House of Wax,7.976389,4/30/2005,en,40000000,113,5.5,756,-0.13766,-0.544804
770,770,62112895,False,"[18, 36, 10749]",1722,Captain Corelli's Mandolin,6.357771,4/18/2001,en,57000000,131,5.6,160,-0.20628,-0.767985
771,771,52277485,False,[18],13920,Radio,6.396437,10/24/2003,en,32000000,109,6.8,164,0.0,-2.5488299999999997
772,772,368100420,False,"[35, 18, 10749]",8488,Hitch,8.301376,2/10/2005,en,70000000,118,6.3,1846,0.302942857,-0.721078
773,773,187479518,False,"[16, 10751]",12429,Ponyo,10.056464,7/19/2008,ja,41677699,100,7.5,1030,0.0,0.9021530000000001
774,774,19629760,False,"[27, 9648, 878]",1091,The Thing,16.311293,6/25/1982,en,15000000,109,7.8,1778,0.0,0.467297
775,775,48482,False,"[80, 18, 53]",11660,Following,7.576454,9/12/1998,en,6000,69,7.2,380,0.0,-1.14876
776,776,41237648,False,"[35, 18, 10749, 53]",9895,Man of the Year,9.883275,10/9/2006,en,20000000,115,5.7,135,-0.016392308,-0.668151
777,777,271375,False,"[18, 28, 35, 53, 80]",17133,Homegrown,2.967847,1/1/1998,en,0,102,5.5,16,0.366842857,-3.065
778,778,346594,False,"[18, 14]",44638,The Tempest,2.903024,12/10/2010,en,20000000,110,6.0,31,0.39225,-1.1684299999999999
779,779,33889159,False,"[35, 18, 10751, 10749]",9655,She's the Man,7.438376,3/17/2006,en,20000000,105,6.4,748,0.0,-0.0964685
780,780,939423,False,"[28, 35]",47871,Honky Tonk Freeway,1.353283,8/21/1981,en,24000000,107,0.0,0,0.0,-0.38237
781,781,259012,False,[18],58648,Closet Land,2.310729,3/6/1991,en,4000000,94,6.6,11,-0.122816667,-1.18458
782,782,869325,False,"[28, 12, 14, 878]",27549,Beastmaster 2: Through the Portal of Time,3.094512,6/8/1991,en,6000000,107,4.6,17,-0.135128571,-1.29233
783,783,502758,False,[18],27064,Mishima: A Life in Four Chapters,4.648784,5/15/1985,en,5000000,121,7.7,40,0.0,-0.339393
784,784,214104620,False,"[36, 80, 18]",11322,Public Enemies,10.094775,7/1/2009,en,80000000,140,6.5,1457,0.050014286,-3.29474
785,785,33333531,False,"[53, 878]",22825,The Box,8.48663,9/17/2009,en,30000000,115,5.4,658,0.005769565,-1.18844
786,786,494471524,False,"[28, 12, 18]",664,Twister,9.44316,5/10/1996,en,92000000,113,6.1,1031,0.0,-1.41903
787,787,15000000,False,"[36, 18]",24973,The Egyptian,2.60777,8/25/1954,en,5000000,139,6.3,12,0.0,0.173087
788,788,116766556,False,[18],866,Finding Neverland,7.781177,10/17/2004,en,25000000,106,7.2,1355,0.0,0.0500025
789,789,73276047,False,[18],7979,The Kite Runner,5.26356,10/14/2007,en,20000000,128,7.3,435,0.314975,-0.332365
790,790,32255440,False,"[18, 10749]",10436,The Age of Innocence,10.976604,9/17/1993,en,34000000,139,7.0,190,0.0,-2.51701
791,791,665450,False,[18],31546,American Buffalo,2.440753,9/13/1996,en,0,88,6.0,11,-0.71195,-4.56269
792,792,507941,False,[99],28216,"Mr. Death: The Rise and Fall of Fred A. Leuchter, Jr.",2.268693,12/29/1999,en,0,91,6.3,18,0.0,-1.8796700000000002
793,793,2744253,False,"[35, 99]",19973,Comedian,2.864843,10/25/2002,en,0,82,6.9,26,0.0,-0.522666
794,794,361832400,False,"[12, 28, 53]",36643,The World Is Not Enough,14.133563,11/8/1999,en,135000000,128,6.1,929,0.0,-0.849764
795,795,64227,False,"[80, 53]",32079,Cohen and Tate,1.977316,1/1/1988,en,0,86,7.3,11,0.07985,-2.8787700000000003
796,796,484592,False,"[18, 10749]",79120,Weekend,5.674718,9/22/2011,en,8000,96,7.4,175,-0.398275,-1.3272
797,797,8362969,False,"[28, 35, 18, 10749]",11300,Something Wild,5.953688,11/7/1986,en,0,113,6.5,71,-0.19042,-1.45383
798,798,362744280,False,"[53, 80]",163,Ocean's Twelve,10.471163,12/9/2004,en,110000000,125,6.4,2302,-0.191904348,-1.49895
799,799,3484331,False,"[28, 18, 36, 37]",10935,Heaven's Gate,5.605033,11/19/1980,en,44000000,219,6.6,62,-0.208630769,-0.622161
800,800,18100189,False,"[18, 53]",79548,Gone,7.118385,2/23/2012,en,0,94,5.9,363,-0.0861875,-2.73168
801,801,11207130,False,"[18, 10752]",8988,Stop-Loss,7.699555,3/28/2008,en,25000000,113,6.1,89,0.140283333,-0.340877
802,802,41299492,False,"[35, 10749, 18]",4942,Leatherheads,6.850892,3/24/2008,en,58000000,114,5.7,135,-0.297233333,-0.94334
803,803,356613439,False,"[53, 9648]",13448,Angels & Demons,13.121823,5/13/2009,en,150000000,138,6.5,2399,-0.029346667,-0.41823599999999994
804,804,152000000,False,"[18, 27, 10402]",13885,Sweeney Todd: The Demon Barber of Fleet Street,9.901373,12/20/2007,en,50000000,116,7.0,1892,-0.241575,-0.336502
805,805,5300000,False,"[16, 28, 878]",13647,The Invincible Iron Man,4.617309,1/23/2007,en,0,83,5.6,46,-0.0405,-1.21329
806,806,61255921,False,[18],13416,Friday Night Lights,6.523661,10/8/2004,en,30000000,118,7.0,161,-0.038416667,-0.8170350000000001
807,807,60864870,False,"[35, 80, 18]",9085,Harlem Nights,6.59285,11/17/1989,en,30000000,116,5.7,90,-0.015,-0.945575
808,808,153962963,False,"[10749, 35, 80, 18]",256591,Focus,10.672398,2/25/2015,en,50100000,105,6.7,2737,0.243557143,-2.0188900000000003
809,809,8946237,False,"[35, 53]",10342,Teaching Mrs. Tingle,6.513341,8/11/1999,en,13000000,96,5.3,99,-0.075672727,-1.30535
810,810,7523634,False,"[18, 35]",234200,Pride,6.99367,9/12/2014,en,0,119,7.7,489,0.251166667,-0.450061
811,811,38505009,False,[35],9788,Accepted,7.269129,8/18/2006,en,23000000,93,6.2,438,-0.131244444,-1.43184
812,812,231976425,False,"[18, 10749, 10752]",409,The English Patient,6.903152,11/14/1996,en,27000000,162,7.0,598,-0.2121,-0.107079
813,813,27734391,False,"[80, 18]",11060,Internal Affairs,5.846849,1/12/1990,en,0,114,6.4,81,-0.64335,-2.58459
814,814,25461,False,[18],23160,Werckmeister Harmonies,10.884426,7/12/2000,hu,0,145,7.4,68,0.0,-3.56198
815,815,2365467,False,[18],157847,Joe,11.058725,4/11/2014,en,4000000,118,6.5,362,0.0,-0.33273800000000003
816,816,12600000,False,"[80, 18, 53]",573,Frenzy,6.491456,5/25/1972,en,3500000,116,7.2,182,-0.319133333,-1.11627
817,817,72778712,False,"[28, 35, 99]",12094,Jackass Number Two,6.387799,9/22/2006,en,11000000,95,6.4,327,-0.4417,-0.7817069999999999
818,818,114194847,False,"[10402, 18, 10749, 80]",9762,Step Up,12.71853,8/11/2006,en,12000000,104,6.7,1187,-0.075757143,-1.35208
819,819,9801375,False,"[18, 10749]",1791,The Piano Teacher,7.252297,5/14/2001,fr,3000000,131,7.2,210,0.1051125,-1.2756299999999998
820,820,12601706,False,"[36, 18, 10752]",225728,Macbeth,8.560664,8/16/2015,en,15000000,113,6.5,533,0.0,-0.312021
821,821,12601706,False,"[36, 18, 10752]",225728,Macbeth,8.560664,8/16/2015,en,15000000,113,6.5,533,0.0,-0.312021
822,822,105173115,False,"[35, 10749, 18]",9870,Forgetting Sarah Marshall,9.076462,4/17/2008,en,30000000,111,6.4,1252,0.0,-2.55694
823,823,9995168,False,"[10749, 35, 18, 14]",11227,Angel-A,6.306973,12/21/2005,fr,15000000,91,6.8,187,0.4968,-0.0800921
824,824,18644570,False,"[35, 10749]",14347,Blame It on Rio,7.604808,2/17/1984,en,0,100,5.9,52,-0.124525,-0.951767
825,825,3109904,False,[27],24924,Night of the Demons,5.921193,10/14/1988,en,1200000,90,6.2,76,0.001771429,-1.06835
826,826,2945600,False,"[28, 12, 10749, 37]",38665,The Legend of the Lone Ranger,2.092228,8/20/1981,en,18000000,98,3.7,14,-0.14306,-1.0215100000000001
827,827,64350171,False,"[28, 12, 53]",9091,Sudden Death,6.230184,12/22/1995,en,35000000,106,5.5,182,0.04294,-1.94028
828,828,6000000,False,"[35, 80]",692,Pink Flamingos,4.988624,3/12/1972,en,12000,93,6.2,121,0.009628571,-0.770926
829,829,7985929,False,"[35, 18, 10751]",47881,My Giant,4.147914,4/10/1998,en,0,103,5.1,34,0.0,-5.10816
830,830,110627965,False,"[80, 18, 9648, 53, 28]",1642,The Net,9.483887,7/28/1995,en,22000000,114,5.7,381,0.0,-1.11809
831,831,57814445,False,"[14, 35, 10751]",322240,Nine Lives,10.67825,8/3/2016,en,30000000,87,5.5,309,0.0,-0.0874939
832,832,69623713,False,"[27, 53]",9792,The Hills Have Eyes,6.944059,3/10/2006,en,15000000,107,6.1,784,0.0,-1.33543
833,833,34377585,False,"[35, 14]",36914,Like Father Like Son,4.305044,10/2/1987,en,0,96,5.3,42,0.084,-0.788503
834,834,27105095,False,"[27, 53]",10069,Stay Alive,5.457788,3/24/2006,en,9000000,100,5.3,167,-0.02001,-1.7911599999999999
835,835,242295562,False,"[28, 18, 9648, 53]",9268,Eraser,7.169163,6/21/1996,en,100000000,115,5.6,586,-0.05566,-4.5825
836,836,45681173,False,"[28, 12, 80, 878, 53]",5549,RoboCop 2,7.789503,6/22/1990,en,35000000,117,5.7,528,0.016058333,-0.717381
837,837,42721196,False,"[14, 35, 10749]",10019,Mannequin,7.290731,2/13/1987,en,6000000,89,5.5,136,0.0,-1.8619900000000003
838,838,56309766,False,"[18, 27, 53]",9030,The Eye,7.794845,2/1/2008,en,12000000,98,5.5,299,0.0,-1.72521
839,839,4073489,False,"[18, 36]",402298,Denial,8.473219,9/30/2016,en,10000000,109,6.5,180,0.0,-2.35146
840,840,4217115,False,"[35, 10402]",9781,Detroit Rock City,8.338001,8/13/1999,en,6500000,95,6.7,107,0.43445,-0.01818
841,841,72700000,False,"[28, 878, 53]",10796,The One,8.176163,11/2/2001,en,49000000,87,5.7,468,0.0,-0.8946430000000001
842,842,43101594,False,[18],4995,Boogie Nights,7.997701,9/11/1997,en,15000000,155,7.5,865,-0.42795,-0.257444
843,843,325233863,False,"[16, 18]",17979,A Christmas Carol,13.718141,11/4/2009,en,200000000,96,6.6,1259,0.103106,0.421034
844,844,17626234,False,"[18, 12]",9922,The Postman,7.295069,12/25/1997,en,80000000,177,6.1,327,0.0,-0.11028699999999998
845,845,83073883,False,"[35, 18, 10749]",11931,In Her Shoes,8.730525,10/7/2005,en,0,130,6.0,468,0.46455,-0.113187
846,846,202026112,False,[35],7552,Fun with Dick and Jane,6.87248,12/21/2005,en,100000000,90,5.9,693,0.0,-0.708025
847,847,273644,False,"[14, 16, 10749, 10751]",54113,The Swan Princess: Escape from Castle Mountain,7.915903,1/1/1997,en,0,71,5.8,91,-0.109625,-0.783713
848,848,68700000,False,"[878, 9648, 12]",62,2001: A Space Odyssey,16.42756,4/10/1968,en,10500000,149,7.9,3348,0.157783333,-1.13742
849,849,1007583,False,[18],29973,Cobb,2.791214,12/2/1994,en,0,128,6.1,29,0.20288,-1.98355
850,850,160000000,False,"[12, 28, 53]",36670,Never Say Never Again,11.885624,10/7/1983,en,36000000,134,5.8,367,0.013,-0.40389200000000003
851,851,4505922,False,"[35, 10749]",10218,Swingers,7.588876,10/18/1996,en,200000,94,6.8,266,0.0,-4.42152
852,852,13000000,False,"[35, 18]",35711,Cooley High,2.766022,6/25/1975,en,750000,107,7.3,18,-0.48615,0.0322333
853,853,45100,False,"[18, 36]",643,Battleship Potemkin,8.934199,12/24/1925,ru,0,75,7.5,233,0.0,-0.200016
854,854,486021,False,"[9648, 80, 18]",1990,Paranoid Park,5.660398,5/21/2007,en,0,85,6.4,142,-0.117172727,-1.43739
855,855,205068,False,"[35, 27, 878]",27274,Frankenhooker,5.252586,6/1/1990,en,2500000,85,5.8,68,0.0,-1.58338
856,856,50871113,False,"[28, 80]",10027,Unleashed,6.634654,2/2/2005,en,45000000,103,6.6,572,-0.6948,-0.399927
857,857,20710451,False,"[18, 36]",10264,Hamlet,8.931482,12/19/1990,en,0,130,6.7,104,-0.075080357,0.35737199999999997
858,858,173000000,False,"[14, 35, 10751]",2698,Evan Almighty,8.117033,6/9/2007,en,175000000,96,5.3,1308,-0.129527273,-0.6260600000000001
859,859,251495,False,"[27, 53]",12700,Dominion: Prequel to the Exorcist,6.975072,5/20/2005,en,30000000,117,4.8,79,-0.193015385,-1.51747
860,860,4000000,False,"[35, 18]",11129,Human Traffic,6.48852,6/4/1999,en,600000,99,6.7,105,-0.193583333,-1.08341
861,861,98159963,False,"[28, 35, 53, 10749]",37821,Killers,8.691001,6/4/2010,en,75000000,100,5.7,839,0.00136,-5.31379
862,862,123729176,False,"[878, 12, 28]",2135,The Time Machine,8.974641,3/4/2002,en,80000000,96,5.8,685,-0.064838462,-1.2866799999999998
863,863,382267,False,"[18, 53]",16083,First Snow,4.310749,5/5/2006,en,0,101,6.3,49,-0.320033333,-0.9566399999999999
864,864,126546825,False,"[28, 878]",240832,Lucy,48.800106,7/14/2014,en,40000000,89,6.2,6500,0.176425,-1.16601
865,865,2983784,False,"[35, 27]",18086,Fright Night Part 2,9.058252,4/7/1988,en,0,104,6.5,86,0.0,-5.11259
866,866,14000000,False,"[27, 53]",10823,Children of the Corn,7.967077,3/9/1984,en,800000,93,5.6,258,0.256014286,-1.27859
867,867,639000,False,[18],25784,Journey from the Fall,1.253718,2/22/2006,vi,1300000,135,5.0,1,0.0,-0.08240399999999999
868,868,312642,False,"[28, 12, 18]",46301,Disappearances,1.567636,5/11/2007,en,1500000,118,4.2,3,-0.176771429,-1.40121
869,869,18671317,False,"[18, 36, 10752]",10142,Casualties of War,6.245798,8/18/1989,en,22500000,113,6.8,216,-0.2773,-1.03014
870,870,230685453,False,"[28, 35, 53]",11665,Get Smart,7.914717,6/19/2008,en,80000000,110,6.0,1140,-0.2389,-1.97364
871,871,261465,False,"[18, 53]",390051,Aftermath,12.074961,4/6/2017,en,10500000,92,5.7,197,0.0,-1.0688
872,872,159157447,False,[37],33,Unforgiven,13.508984,8/7/1992,en,14000000,131,7.8,1211,0.4934,-0.00691113
873,873,240697856,False,"[28, 12, 878]",121856,Assassin's Creed,28.726872,12/21/2016,en,125000000,115,5.4,3058,0.127025,-1.41175
874,874,5989640,False,"[53, 878, 12, 28]",10077,A Sound of Thunder,9.405635,5/15/2005,en,80000000,110,4.7,118,0.017973684,-1.5003799999999998
875,875,4651977,False,[18],20763,Radio Flyer,5.499585,2/21/1992,en,35000000,114,6.7,57,-0.0011,-0.9680690000000001
876,876,227853986,False,"[28, 12, 35, 80, 53]",942,Lethal Weapon 2,11.851028,7/7/1989,en,25000000,114,6.7,1128,0.0,-0.91359
877,877,237382724,False,[35],38745,Gulliver's Travels,8.176305,12/25/2010,en,112000000,85,4.9,675,0.4618,0.0601206
878,878,38368909,False,"[35, 10749]",9794,Employee of the Month,7.015971,10/6/2006,en,12000000,103,5.4,164,0.0,-2.15613
879,879,100230832,False,[18],9563,Any Given Sunday,8.857951,12/16/1999,en,55000000,163,6.8,467,-0.020642857,-0.49972700000000003
880,880,15000000,False,"[36, 18]",24973,The Egyptian,2.60777,8/25/1954,en,5000000,139,6.3,12,0.0,0.173087
881,881,849915,False,"[16, 12, 10751]",19947,The Adventures of Mark Twain,2.926165,3/1/1985,en,0,86,6.8,23,0.7941,0.5583739999999999
882,882,5781885,False,"[27, 878]",9102,Screamers,6.484106,9/8/1995,en,20000000,108,6.1,158,0.14368,-1.01478
883,883,9879971,False,"[80, 18]",868,Tsotsi,5.858028,8/18/2005,af,3000000,94,6.9,99,0.9464,-0.362632
884,884,33461269,False,"[28, 12, 35, 18]",11856,Air America,8.640014,8/10/1990,en,0,112,5.3,154,0.38322,-1.9356
885,885,368780809,False,"[12, 28, 53, 878]",331,Jurassic Park III,1.861019,7/18/2001,en,93000000,92,5.7,2239,-0.044435714,-2.5077700000000003
886,886,117575636,False,"[80, 18, 27, 9648, 878, 53]",10145,The Forgotten,6.997902,9/24/2004,en,42000000,91,5.5,378,0.0,-0.829355
887,887,89792502,False,"[28, 14, 53]",23629,Sucker Punch,12.350326,3/24/2011,en,82000000,110,6.0,1772,0.0,-0.42255699999999996
888,888,478207520,False,"[28, 35, 18, 53]",787,Mr. & Mrs. Smith,10.947502,6/7/2005,en,110000000,120,6.5,3283,-0.099455556,-0.10007100000000001
889,889,66966987,False,"[27, 53]",10053,When a Stranger Calls,6.904156,2/3/2006,en,15000000,87,5.4,299,0.001546154,-1.40393
890,890,23430766,False,"[35, 10749]",10646,Tomcats,6.987967,3/30/2001,en,11000000,95,5.0,79,-0.063785714,-5.4977599999999995
891,891,111000,False,[18],62652,Bamako,1.43265,6/21/2006,bm,2000000,115,6.4,10,0.405375,-0.30838899999999997
892,892,12136938,False,"[28, 53, 80]",6,Judgment Night,6.615163,10/15/1993,en,0,110,6.4,84,0.0,-0.89996
893,893,51702483,False,"[28, 12, 53]",10861,Maximum Risk,5.725374,9/13/1996,en,25000000,100,5.3,109,-0.2408625,-3.86596
894,894,266614059,False,"[10749, 18]",4478,Indecent Proposal,7.116926,4/7/1993,en,38000000,117,5.8,330,-0.1801,-0.960076
895,895,68766121,False,[27],10066,House of Wax,7.976389,4/30/2005,en,40000000,113,5.5,756,-0.13766,-0.544804
896,896,2426851,False,"[35, 80, 53, 10749]",8141,You Kill Me,8.521261,2/9/2007,en,4000000,90,6.2,87,-0.126883333,-1.7613599999999998
897,897,54819301,False,[35],76489,The Three Stooges,6.825048,4/13/2012,en,30000000,92,5.0,150,-0.44565,-1.49385
898,898,113244290,False,"[28, 53]",7555,Rambo,7.930341,1/24/2008,en,50000000,92,6.3,1070,0.0,-0.9541069999999999
899,899,46357676,False,"[18, 10752]",600,Full Metal Jacket,14.465605,6/26/1987,en,17000000,116,8.0,2856,-0.9779,-0.799724
900,900,40222729,False,"[35, 10749]",20857,Hardball,6.754534,9/14/2001,en,32000000,106,6.4,141,0.0,-1.21776
901,901,40697761,False,"[35, 10751, 878]",2605,Short Circuit,8.334763,5/9/1986,en,0,98,6.4,552,0.0,-0.377892
902,902,39143839,False,"[27, 53]",1975,The Grudge 2,7.207606,10/13/2006,en,20000000,102,5.3,309,-0.132157692,-1.55062
903,903,70200000,False,"[878, 28, 12, 53]",172,Star Trek V: The Final Frontier,8.251187,6/9/1989,en,30000000,107,5.6,407,-0.062272727,-1.31904
904,904,14822346,False,"[10749, 35]",12657,Soul Plane,7.551683,5/28/2004,en,16000000,86,4.7,113,0.149166667,-2.65692
905,905,2057193,False,"[18, 10749]",32456,Two Girls and a Guy,4.215255,9/7/1997,en,1000000,84,5.3,30,-0.02697,-3.03073
906,906,58878723,False,[10749],10934,Under the Tuscan Sun,6.578505,4/30/2003,en,18000000,113,6.4,190,0.023544444,-1.83785
907,907,215294342,False,"[18, 36, 10752, 28]",2024,The Patriot,9.704977,6/28/2000,en,110000000,165,6.8,1218,0.114571429,-3.1401
908,908,202026112,False,[35],7552,Fun with Dick and Jane,6.87248,12/21/2005,en,100000000,90,5.9,693,0.0,-0.708025
909,909,130786397,False,"[28, 9648, 53]",48138,Unknown,8.842518,2/16/2011,en,30000000,113,6.5,1357,0.501533333,-0.6857800000000001
910,910,8316206,False,[99],47894,Terror in the Aisles,1.329339,10/26/1984,en,0,84,6.4,7,-0.322233333,-0.710935
911,911,24748670,False,"[18, 53]",5125,Rendition,8.82011,9/7/2007,en,27500000,120,6.3,223,-0.20305,-0.177991
912,912,1362303,False,"[27, 9648, 878]",47892,Strange Invaders,5.920434,9/16/1983,en,0,92,5.2,18,0.0,-3.0249200000000003
913,913,13620075,False,[35],10760,Sydney White,7.195711,9/21/2007,en,16500000,108,6.1,261,0.0,-1.49593
914,914,1614266,False,"[35, 878, 53, 12]",10690,Space Truckers,3.580079,3/1/1996,en,25000000,95,5.6,38,0.077108333,-4.7342
915,915,22942221,False,"[28, 80, 18, 53]",4597,Armored,7.238112,12/4/2009,en,20000000,88,5.5,222,0.2242,-1.8601400000000001
916,916,13260050,False,"[28, 9648, 53]",16379,The Mod Squad,4.267364,3/26/1999,en,50000000,92,4.1,37,-0.213821429,-3.1255900000000003
917,917,9448082,False,[18],11515,Goya's Ghosts,7.294996,11/8/2006,en,50000000,114,6.6,108,-0.138366667,-0.548136
918,918,4500000,False,"[9648, 53]",11462,Suspicion,6.411611,11/14/1941,en,1103000,99,7.2,151,-0.000733333,0.34684
919,919,15826984,False,[12],11231,The Next Karate Kid,6.470171,7/18/1994,en,12000000,107,4.8,219,0.242909091,-1.75378
920,920,27107960,False,[878],3604,Flash Gordon,7.437376,9/1/1980,en,35000000,111,6.1,251,0.0,-0.626487
921,921,20000000,False,"[10749, 18, 10752]",80255,A Farewell to Arms,4.517604,12/14/1957,en,4100000,152,6.6,12,0.0,-0.713611
922,922,28283637,False,"[28, 12, 35, 10751, 14, 878]",14623,Thunderbirds,5.854446,7/23/2004,en,57000000,95,4.3,98,-0.01153,-0.369195
923,923,27728118,False,"[28, 35, 18, 10749]",14736,Love & Basketball,9.714781,4/21/2000,en,20000000,124,7.5,97,-0.476,-1.3121200000000002
924,924,6948633,False,"[12, 14, 28]",9626,Red Sonja,7.516468,4/9/1985,en,17900000,89,5.0,225,-0.107961111,-1.11811
925,925,325233863,False,"[16, 18]",17979,A Christmas Carol,13.718141,11/4/2009,en,200000000,96,6.6,1259,0.103106,0.421034
926,926,1115493,False,"[27, 53, 9648]",10900,Surveillance,7.541729,2/8/2008,en,3500000,97,6.0,115,-0.1472,-1.0509
927,927,152368585,False,"[28, 80, 18, 9648, 53]",2924,Backdraft,9.148924,5/24/1991,en,75000000,137,6.3,379,0.0,-2.03652
928,928,1841260,False,[18],9953,A Love Song for Bobby Long,7.43389,9/2/2004,en,0,119,6.8,106,0.1634,-1.2575
929,929,1237615,False,"[9648, 80, 18, 53]",18777,Slow Burn,2.440269,9/12/2005,en,15500000,93,5.5,16,0.0,0.08233589999999999
930,930,113280098,False,"[28, 18, 53]",12113,Body of Lies,8.226894,10/10/2008,en,70000000,128,6.5,977,0.692933333,-0.12272999999999999
931,931,399,False,"[18, 10769]",14785,Bandit Queen,1.964267,9/9/1994,en,0,119,7.2,12,-0.116866667,0.24965
932,932,104155843,False,"[27, 878, 53]",8843,The Cell,9.76131,8/17/2000,en,33000000,107,6.0,466,-0.18825,-1.3335299999999999
933,933,16668552,False,"[9648, 80, 18, 53]",26203,Blink,4.485103,1/26/1994,en,0,106,6.1,49,-0.9597,0.0459797
934,934,159330280,False,"[28, 53, 12, 80]",4824,The Jackal,7.769541,11/14/1997,en,60000000,124,6.0,570,0.06684375,-1.12539
935,935,79258538,False,"[35, 18, 10751]",2616,Uncle Buck,6.512993,8/16/1989,en,15000000,100,6.6,353,0.323733333,-0.00961216
936,936,97437106,False,"[10749, 16, 12, 35, 10751, 14]",228326,The Book of Life,7.202456,10/1/2014,en,50000000,95,7.3,814,-0.201016667,-1.37524
937,937,307076,False,[18],7343,City of Men,4.573707,8/31/2007,pt,0,106,6.6,67,-0.9859,-0.8137
938,938,463000000,False,"[10749, 35]",114,Pretty Woman,10.475155,3/23/1990,en,14000000,119,7.0,1964,0.36395,-0.30409400000000003
939,939,206071502,False,"[18, 14, 53, 9648]",2668,Sleepy Hollow,9.837856,11/18/1999,en,100000000,105,6.9,1951,0.0,-1.1795799999999999
940,940,361366633,False,"[35, 10402, 10751, 14, 16]",6477,Alvin and the Chipmunks,12.607127,12/13/2007,en,60000000,92,5.5,1323,0.136728571,-1.16153
941,941,1800000,False,[18],140581,Damaged Lives,1.377743,9/15/1933,en,10000,61,3.5,2,0.0,-0.0549373
942,942,77566815,False,"[53, 18, 9648]",3594,The Number 23,5.570827,2/23/2007,en,30000000,101,6.3,1131,0.042685714,-1.14715
943,943,1422749,False,"[28, 27, 878, 53]",1702,Death Machine,4.628277,12/23/1994,en,0,117,5.8,26,0.0515,-4.145519999999999
944,944,351692268,False,"[80, 18, 53, 27]",9740,Hannibal,3.079996,2/8/2001,en,87000000,131,6.4,1409,0.02917,-1.1351799999999999
945,945,34793160,False,"[28, 12, 18, 10751]",12227,White Fang,7.081931,1/18/1991,en,14000000,107,6.4,149,0.0,-2.86252
946,946,33889159,False,"[35, 18, 10751, 10749]",9655,She's the Man,7.438376,3/17/2006,en,20000000,105,6.4,748,0.0,-0.0964685
947,947,49800000,False,"[18, 10749]",451,Leaving Las Vegas,6.859526,10/27/1995,en,3600000,112,7.2,391,0.0,-1.5099
948,948,92921203,False,"[18, 10402, 10749]",535,Flashdance,7.469176,4/14/1983,en,4000000,95,6.2,344,0.12345,-1.3797700000000002
949,949,48482,False,"[80, 18, 53]",11660,Following,7.576454,9/12/1998,en,6000,69,7.2,380,0.0,-1.14876
950,950,30526509,False,"[35, 80, 18, 53]",9910,Two for the Money,8.238147,10/7/2005,en,35000000,122,5.8,165,0.199016667,-1.37476
951,951,37597471,False,"[28, 12, 14, 27, 878, 53]",9954,The Covenant,7.095789,9/8/2006,en,20000000,97,5.2,313,-0.201655556,-1.44943
952,952,7810000,False,"[12, 14, 28, 878]",32985,Solomon Kane,6.98673,9/16/2009,en,45000000,104,5.6,425,-0.0105,-1.2516200000000002
953,953,343816,False,"[80, 18]",13573,The United States of Leland,6.487051,1/18/2003,en,0,108,6.5,98,-0.137933333,-0.312214
954,954,74608570,False,"[18, 10749]",12618,Random Hearts,5.246651,10/8/1999,en,64000000,133,5.2,67,0.044423529,-2.9337299999999997
955,955,37000000,False,"[35, 10751, 10749]",6280,Junior,8.646926,11/22/1994,en,60000000,109,4.7,405,0.0,-1.14799
956,956,15007991,False,"[28, 12, 27, 53]",9042,The Cave,6.092088,8/25/2005,en,30000000,97,5.2,222,0.18356,-1.54613
957,957,96618699,False,"[53, 80, 9648]",8224,8MM,7.643947,2/26/1999,en,40000000,123,6.1,519,0.0,-0.43965600000000005
958,958,119718203,False,"[35, 18, 14]",2928,Michael,7.907148,12/25/1996,en,0,105,5.5,186,-0.098928571,-2.18367
959,959,35294470,False,[53],8978,Assault on Precinct 13,9.848869,1/19/2005,en,30000000,109,6.0,339,0.055458824,-1.1270799999999999
960,960,36000000,False,"[28, 18, 10749]",27191,The Greatest Show on Earth,6.235378,1/10/1952,en,4000000,152,6.6,51,-0.319533333,-0.8309190000000001
961,961,369975,False,"[35, 10749]",49721,Me Myself I,1.974184,4/20/2000,en,0,104,5.9,11,0.0,-2.08902
962,962,45858563,False,"[12, 18, 28, 10749]",11002,"Greystoke: The Legend of Tarzan, Lord of the Apes",6.075528,3/30/1984,en,0,143,6.0,118,0.113466667,-0.5814010000000001
963,963,152022101,False,"[28, 12, 18, 9648, 878, 53]",10329,Congo,7.985447,6/9/1995,en,50000000,109,5.0,228,0.161590476,-2.06205
964,964,634074,False,[18],18484,Wassup Rockers,2.703188,9/12/2005,en,0,111,6.4,21,-0.188285714,-2.01398
965,965,72779000,False,"[16, 35, 10751]",9907,Barnyard,6.84129,8/4/2006,en,51000000,90,5.4,249,-0.169071429,-1.28492
966,966,258270008,False,"[28, 53, 80]",8909,Wanted,10.899496,6/19/2008,en,75000000,110,6.4,2738,0.0,-0.8971100000000001
967,967,2647055,False,"[27, 53]",9299,Thesis,7.239632,4/11/1996,es,0,125,7.3,175,-0.43065,-0.577922
968,968,6132924,False,[35],18495,Folks!,1.979751,5/1/1992,en,0,107,6.1,10,-0.3259,-0.9813790000000001
969,969,15453274,False,"[18, 10751, 10749]",47608,Mad Love,3.683298,5/26/1995,en,0,95,5.6,28,0.0,-0.44991400000000004
970,970,99318987,False,"[14, 28, 878]",1487,Hellboy,10.432509,4/2/2004,en,66000000,122,6.5,2433,-0.4337,-0.697218
971,971,25871834,False,"[28, 35, 878]",11918,Superhero Movie,8.230464,3/27/2008,en,35000000,85,5.0,436,0.0701,-1.6475099999999998
972,972,20158808,False,"[18, 10751, 14, 12]",34584,The NeverEnding Story,9.581067,4/5/1984,en,27000000,102,7.0,1120,-0.9681,1.3581
973,973,36448200,False,"[35, 18, 10749]",13203,Son in Law,6.381064,7/2/1993,en,0,95,5.6,83,0.269925,-1.12507
974,974,589390539,False,"[28, 12, 35, 878]",607,Men in Black,14.091796,7/2/1997,en,90000000,98,6.9,4835,0.0,-0.601216
975,975,52970014,False,"[35, 10751]",11870,Big Fat Liar,7.438193,2/8/2002,en,15000000,88,5.5,216,0.327333333,-0.135575
976,976,1138807,False,"[14, 10769, 27, 9648]",45480,Visible Secret,1.159443,11/4/2001,cn,0,89,8.0,3,0.0,-2.66147
977,977,21486757,False,"[35, 80, 10749]",2321,Married to the Mob,7.053869,8/19/1988,en,10000000,104,5.8,70,-0.133842857,-0.621491
978,978,114660784,False,"[28, 36, 10752]",10590,We Were Soldiers,9.35838,3/1/2002,en,75000000,138,6.8,563,0.0363,-0.24614
979,979,10000000,False,"[28, 12, 80, 9648]",493,Shaft's Big Score!,1.873253,6/8/1972,en,1978000,104,6.1,10,0.0,-2.91667
980,980,15431177,False,"[18, 10751]",15487,The Greatest Game Ever Played,6.600302,9/30/2005,en,25000000,120,6.9,122,0.0,-0.690082
981,981,15945534,False,"[28, 35, 80]",2620,Armed and Dangerous,4.960952,8/15/1986,en,12000000,88,5.3,47,0.244675,-2.65138
982,982,25105517,False,"[35, 18, 10749]",16562,The Cutting Edge,4.916906,3/27/1992,en,0,101,6.6,59,0.3862,-3.44995
983,983,17381942,False,"[80, 18]",8438,Murder in the First,7.865319,1/20/1995,en,0,122,6.8,150,0.0,-0.20898699999999998
984,984,98410061,False,[18],1640,Crash,9.530707,5/6/2005,en,6500000,112,7.2,1252,-0.06752,-1.15224
985,985,18535191,False,"[18, 35, 10749]",24137,An Ideal Husband,7.898403,4/15/1999,en,14000000,97,6.3,49,0.9705,-0.830198
986,986,259012,False,[18],58648,Closet Land,2.310729,3/6/1991,en,4000000,94,6.6,11,-0.122816667,-1.18458
987,987,3021629,False,"[35, 18, 36, 9648]",37345,Princess Caraboo,2.060903,9/16/1994,en,0,97,4.4,5,-0.968,-1.7791
988,988,128798265,False,"[53, 80, 18]",1213,The Talented Mr. Ripley,9.255755,12/25/1999,en,40000000,139,7.1,835,0.0,-0.232465
989,989,9800000,False,"[18, 878]",400710,Flatliners,18.700337,9/28/2017,en,19000000,110,5.4,92,0.115628571,-0.605226
990,990,28202109,False,"[35, 10751]",26386,Ernest Saves Christmas,3.241214,11/11/1988,en,6000000,95,4.9,47,0.0,-1.34664
991,991,91353501,False,"[14, 28, 12, 878, 53]",12437,Underworld: Rise of the Lycans,14.530579,1/22/2009,en,35000000,92,6.3,1516,-0.025511111,-1.10186
992,992,24000000,False,"[18, 36, 10752, 28]",14097,9th Company,6.390352,9/19/2005,ru,9500000,139,6.7,73,-0.463775,-0.186953
993,993,5802422,False,"[28, 18, 27, 878, 53]",25769,Carriers,7.115038,9/4/2009,en,0,84,5.8,310,0.0,-1.4567
994,994,16675000,False,"[27, 53, 878]",8766,Hellraiser: Bloodline,7.139444,3/8/1996,en,4000000,86,4.9,117,-0.268214286,-1.2298200000000001
995,995,84375061,False,"[18, 10749]",14326,Nights in Rodanthe,6.280024,9/26/2008,en,0,97,5.9,168,0.109994118,-0.631015
996,996,3091922,False,"[35, 10749]",13171,The Ex,5.36247,12/1/2006,en,0,90,5.0,66,-0.204275,-4.9090300000000004
997,997,15530077,False,"[18, 10749]",29987,Facing Windows,4.458314,2/27/2003,it,0,106,6.9,57,0.9028,0.657338
998,998,26570463,False,"[27, 35]",9406,An American Werewolf in Paris,8.259233,12/25/1997,en,22000000,105,5.2,161,0.080327273,-2.74897
999,999,3832228,False,"[28, 18, 10749]",22915,North Shore,2.471918,8/14/1987,en,0,96,5.0,14,0.0,-0.825109
1000,1000,25100000,False,"[35, 18, 10749]",23111,Moscow on the Hudson,6.042349,6/4/1984,en,0,115,6.3,53,0.9835,-0.7162970000000001
1001,1001,2281089,False,"[18, 9648, 10749]",18615,Fur: An Imaginary Portrait of Diane Arbus,7.260502,8/30/2006,en,16800000,122,6.0,80,0.130444444,-0.577855
1002,1002,920100000,False,"[12, 878]",329,Jurassic Park,13.892319,6/11/1993,en,63000000,127,7.6,5292,0.47885,-2.32514
1003,1003,2500000,False,"[35, 18]",10098,The Kid,8.664336,1/21/1921,en,250000,68,8.0,442,0.129718182,-2.6924
1004,1004,20000000,False,"[35, 10749]",18722,Mr. Baseball,3.27487,10/1/1992,en,0,108,5.8,39,0.0,-0.472182
1005,1005,7305209,False,[35],26827,Who's That Girl,5.394197,8/7/1987,en,0,92,5.1,53,-0.051622222,-2.21006
1006,1006,74134790,False,"[14, 18, 10749]",11352,Always,7.616282,12/22/1989,en,31000000,122,6.0,139,0.0,-1.36243
1007,1007,68296293,False,[37],2055,Open Range,6.868465,8/29/2003,en,22000000,139,7.1,281,0.0,-0.5694819999999999
1008,1008,418961,False,"[28, 80, 18, 53]",507,Killing Zoe,6.323353,10/1/1993,en,1500000,96,6.1,117,0.147342857,-0.806089
1009,1009,124731534,False,"[18, 10402]",1677,Ray,7.299801,10/29/2004,en,40000000,152,7.2,524,0.0,0.0159464
1010,1010,13405595,False,"[35, 10402]",2179,Tenacious D in The Pick of Destiny,6.583977,11/22/2006,en,22000000,93,6.6,453,0.010275,-0.27761199999999997
1011,1011,4865000,False,"[35, 878]",33155,Galaxina,2.769175,6/6/1980,en,5500000,95,3.4,17,-0.006672727,-1.94918
1012,1012,1109660,False,"[9648, 53, 27]",9966,The Messengers,6.930577,2/2/2007,en,16000000,90,5.6,230,-0.120705556,-1.02283
1013,1013,4861022,False,"[18, 53, 9648, 28]",87516,Oldboy,7.046514,11/14/2013,en,30000000,104,5.9,669,-0.264025,-0.9321860000000001
1014,1014,1100000,False,"[18, 10769]",39839,Baghban,2.652122,1/1/2003,hi,0,183,6.2,23,0.0,-0.243804
1015,1015,2474000,False,"[18, 10749]",87729,Jefferson in Paris,1.635022,3/31/1995,en,14000000,139,5.2,10,0.0,-0.11833199999999999
1016,1016,10289,False,"[18, 28, 80]",5289,Chaos,7.562259,1/17/2005,en,20000000,106,6.1,298,0.091,-1.39137
1017,1017,3468572,False,[18],10132,Talk Radio,6.11315,12/21/1988,en,4000000,110,6.6,49,0.0,-0.405634
1018,1018,7000000,False,"[12, 18, 878]",2160,Voyage to the Bottom of the Sea,4.525313,7/12/1961,en,1580000,105,5.3,36,0.0,-0.414674
1019,1019,27900000,False,"[28, 12, 18, 53]",9967,Uncommon Valor,3.935097,12/16/1983,en,0,105,6.2,54,-0.01346,-1.6836
1020,1020,59908565,False,"[18, 53, 36]",1247,The Good Shepherd,8.634561,12/11/2006,en,85000000,167,6.3,373,0.0,-1.33829
1021,1021,2960993,False,"[80, 18, 53]",16164,Killshot,6.224456,11/13/2008,en,0,95,5.9,82,0.192678571,-1.72993
1022,1022,55011732,False,"[28, 12, 18]",4643,The Guardian,8.321034,9/28/2006,en,70000000,139,6.8,420,0.104985714,-1.2912700000000001
1023,1023,25069101,False,"[28, 53, 12]",427910,Navy Seals,3.777132,7/20/1990,en,0,113,5.4,43,-0.068422222,-1.4932299999999998
1024,1024,39321715,False,"[35, 10749]",918,Blind Date,6.864958,3/27/1987,en,18000000,95,5.6,122,0.0,0.25459699999999996
1025,1025,225933435,False,[18],489,Good Will Hunting,11.640933,12/5/1997,en,10000000,126,7.9,3132,-0.09485,-1.24279
1026,1026,36230219,False,"[28, 12, 878]",9355,Mad Max Beyond Thunderdome,13.38256,6/29/1985,en,12305523,107,5.9,822,0.0,-1.39513
1027,1027,12520799,False,"[18, 9648, 53]",10742,The Clearing,5.41173,7/2/2004,en,0,95,5.5,60,-0.054653846,-1.40992
1028,1028,42365581,False,"[10751, 14, 878, 12, 35]",36819,Time Bandits,7.666498,7/13/1981,en,5000000,116,6.6,270,-0.1692,-1.95452
1029,1029,404,False,[18],61263,Illegal,1.869476,10/6/2010,fr,0,90,6.9,9,0.0,0.185306
1030,1030,2154696,False,"[35, 10749, 10751]",73247,Heartbeeps,4.005515,12/18/1981,en,10000000,79,3.6,7,0.125514286,-1.59112
1031,1031,6706368,False,"[99, 36]",1779,Roger & Me,6.185005,9/1/1989,en,160000,91,7.4,100,0.19882,-0.98885
1032,1032,3830137,False,"[35, 18]",13973,Choke,6.233237,9/26/2008,en,3000000,92,6.1,140,0.0771125,-1.79174
1033,1033,85498534,False,"[12, 35]",9896,Rat Race,7.094137,7/30/2001,en,48000000,112,6.0,568,0.0,-1.47662
1034,1034,15240435,False,"[28, 12, 35, 18, 37]",11853,Bad Girls,5.362383,4/22/1994,en,0,99,4.6,66,-0.0213,-2.43071
1035,1035,176070171,False,"[28, 80]",9654,The Italian Job,10.101015,5/30/2003,en,60000000,110,6.6,2067,-0.0383375,-1.63221
1036,1036,57915972,False,"[80, 35]",11896,Throw Momma from the Train,6.110689,12/11/1987,en,14000000,88,6.0,152,0.0,-0.125236
1037,1037,179265204,False,"[14, 28, 53, 878]",8698,The League of Extraordinary Gentlemen,8.501164,7/11/2003,en,78000000,110,5.7,1272,-0.42955,-2.7987900000000003
1038,1038,15116634,False,"[27, 53]",10987,Halloween: The Curse of Michael Myers,7.336308,9/29/1995,en,5000000,88,5.0,187,0.150747368,-1.7739200000000002
1039,1039,557241,False,"[10752, 18, 36, 10749]",403390,Bitter Harvest,3.098465,2/23/2017,en,20000000,103,6.7,22,-0.302433333,-3.12834
1040,1040,32000000,False,"[18, 27, 53]",539,Psycho,24.566285,6/16/1960,en,806948,109,8.3,2663,-0.014044444,-1.37717
1041,1041,22765081,False,"[28, 35, 18]",9584,Convoy,12.200017,6/27/1978,en,12000000,110,6.1,85,-0.47185,-0.9849100000000001
1042,1042,25000000,False,"[28, 878]",10803,Logan's Run,7.716536,6/23/1976,en,9000000,119,6.6,286,0.0,0.28744699999999995
1043,1043,5000000,False,"[28, 35, 37]",23330,The Ballad of Cable Hogue,7.713573,5/13/1970,en,3716946,121,6.9,54,-0.9735,-0.313427
1044,1044,8266343,False,"[35, 10402]",9768,Cry-Baby,7.061257,4/5/1990,en,11000000,85,6.5,334,-0.269733333,-1.8596700000000002
1045,1045,29712172,False,[35],11307,The World According to Garp,6.019621,8/13/1982,en,17000000,136,6.9,93,-0.36792,-0.470841
1046,1046,33556,False,[18],31641,Digging to China,2.1844,7/7/1997,en,0,98,6.5,10,0.0,-0.140062
1047,1047,119000410,False,"[35, 18, 36]",6538,Charlie Wilson's War,6.498904,12/19/2007,en,75000000,102,6.5,367,0.026,-0.47656499999999996
1048,1048,25836616,False,"[27, 28, 53, 80]",755,From Dusk Till Dawn,11.346661,1/19/1996,en,19000000,108,6.9,1770,0.0,-1.53659
1049,1049,23438120,False,"[18, 36, 10749]",9453,Caligula,9.691073,1/21/1979,en,17500000,156,5.3,164,-0.0248375,-0.816604
1050,1050,152266007,False,"[80, 18, 53]",1645,A Time to Kill,10.148739,7/24/1996,en,40000000,149,7.0,566,-0.0908875,-0.288812
1051,1051,187500000,False,"[12, 28, 53]",700,Octopussy,11.35675,6/5/1983,en,27500000,131,6.2,565,-0.3237,-0.547186
1052,1052,25000000,False,"[35, 18, 10749]",284,The Apartment,10.134602,6/15/1960,en,3000000,125,8.1,539,0.28535,-0.127183
1053,1053,319131050,False,"[18, 28, 53, 10752]",16869,Inglourious Basterds,24.750946,8/18/2009,en,70000000,153,7.9,7059,0.146628571,-0.9592120000000001
1054,1054,69766619,False,"[80, 18, 53]",4413,The Brave One,6.676769,9/14/2007,en,70000000,122,6.4,272,-0.12345,-0.8383379999999999
1055,1055,6538177,False,[35],9900,Grandma's Boy,7.394085,1/6/2006,en,0,94,6.6,228,0.055907143,-1.58942
1056,1056,92601050,False,[35],3638,No Reservations,6.677905,7/25/2007,en,28000000,104,6.1,357,-0.022,-0.9608200000000001
1057,1057,38535221,False,[18],1913,The Sea Inside,10.408162,9/3/2004,es,12806000,125,7.3,241,-0.3311,-0.624292
1058,1058,43318349,False,"[18, 53, 10752]",7445,Brothers,7.953025,1/27/2009,en,26000000,104,6.8,707,-0.4583,-0.176514
1059,1059,10250000,False,"[12, 80, 18, 9648, 53]",574,The Man Who Knew Too Much,8.700547,6/1/1956,en,2500000,120,7.3,298,0.0,0.168007
1060,1060,9612469,False,"[80, 18, 53]",70578,Trespass,8.190408,10/13/2011,en,36000000,91,5.3,355,-0.324666667,-1.28528
1061,1061,74541707,False,"[18, 28, 53]",11128,Ladder 49,6.565288,10/1/2004,en,60000000,115,6.2,226,-0.267936364,-0.5649109999999999
1062,1062,68706993,False,"[80, 18, 10749, 53]",9281,Witness,8.020153,2/8/1985,en,12000000,113,7.0,420,0.0,-0.8254959999999999
1063,1063,3983912,False,"[16, 12, 10751]",54648,The Pebble and the Penguin,2.974873,4/12/1995,en,28000000,74,5.1,34,-0.251985714,-1.5253299999999999
1064,1064,19184015,False,[35],20337,Martin Lawrence Live: Runteldat,1.446916,8/1/2002,en,3000000,113,5.0,1,0.1526,-1.79853
1065,1065,84565230,False,"[10749, 35, 18]",11355,Never Been Kissed,6.833089,4/9/1999,en,25000000,107,5.8,416,0.0,-1.00749
1066,1066,244386864,False,"[28, 35, 80, 53]",2109,Rush Hour,9.359818,9/18/1998,en,33000000,98,6.8,1348,0.0,-0.718192
1067,1067,14363400,False,[18],24153,The Buddy Holly Story,3.076982,5/18/1978,en,1200000,113,7.5,33,-0.258033333,-0.0448445
1068,1068,258656,False,"[18, 10749]",121674,Great Expectations,6.647167,11/30/2012,en,0,128,6.2,111,0.0,-0.543412
1069,1069,346594,False,"[18, 14]",44638,The Tempest,2.903024,12/10/2010,en,20000000,110,6.0,31,0.39225,-1.1684299999999999
1070,1070,50007546,False,"[35, 18, 10749]",13972,The Women,6.903459,9/12/2008,en,16000000,114,4.6,103,0.011671429,-0.883943
1071,1071,33459416,False,"[35, 10751, 14]",10830,Matilda,8.518996,8/2/1996,en,36000000,98,6.9,995,-0.9758,-0.7318439999999999
1072,1072,93888180,False,"[10749, 35]",1641,Forces of Nature,6.777266,3/12/1999,en,75000000,105,5.1,149,0.0,-2.50075
1073,1073,33771174,False,"[35, 18, 10749]",10564,Where the Heart Is,6.176906,4/27/2000,en,15000000,120,6.9,170,0.0,-0.90722
1074,1074,46044400,False,"[28, 53]",10173,Marked for Death,6.192029,10/5/1990,en,12000000,94,5.6,106,-0.233266667,-0.218363
1075,1075,45479110,False,"[18, 14, 27]",11979,Queen of the Damned,6.218571,2/10/2002,en,35000000,101,5.5,263,-0.00629,-0.916962
1076,1076,2154540,False,"[28, 53]",38153,Shadow Conspiracy,2.605076,1/31/1997,en,45000000,103,4.1,13,-0.07045625,-1.9627
1077,1077,350448145,False,"[28, 12, 80]",1637,Speed,10.316806,6/9/1994,en,30000000,116,6.8,1931,0.0,-1.55134
1078,1078,13015688,False,"[28, 18, 53]",29723,The Concorde... Airport '79,4.872788,8/17/1979,en,14000000,123,4.7,47,-0.088144,-1.4063299999999999
1079,1079,137587063,False,"[12, 18, 10751]",1265,Bridge to Terabithia,8.541514,2/16/2007,en,60000000,96,7.1,1257,0.0,-1.1913
1080,1080,17343596,False,"[35, 10749]",19053,Valley Girl,4.990862,4/8/1983,en,350000,99,6.1,66,0.0,0.100563
1081,1081,13308,False,"[99, 18, 10402, 53]",21925,Naqoyqatsi,3.54221,9/2/2002,en,3000000,89,6.1,39,0.167473333,-0.595543
1082,1082,305875730,False,"[12, 16, 10751, 14]",5255,The Polar Express,13.544515,11/10/2004,en,165000000,100,6.5,1664,0.1333875,-0.8840370000000001
1083,1083,16093651,False,"[28, 18]",39002,No Holds Barred,2.251764,6/2/1989,en,8000000,93,5.6,20,0.028026667,-1.7310400000000001
1084,1084,14723313,False,"[18, 36, 10752]",13614,Katyn,4.898641,9/21/2007,pl,5200000,118,6.7,52,-0.0186,-0.381786
1085,1085,368100420,False,"[35, 18, 10749]",8488,Hitch,8.301376,2/10/2005,en,70000000,118,6.3,1846,0.302942857,-0.721078
1086,1086,14681661,False,"[28, 80, 18]",12780,Iron Monkey,9.623086,9/3/1993,cn,0,90,7.6,85,0.0,-9.54933
1087,1087,271375,False,"[18, 28, 35, 53, 80]",17133,Homegrown,2.967847,1/1/1998,en,0,102,5.5,16,0.366842857,-3.065
1088,1088,201055,False,"[18, 36, 10749]",11709,Camille Claudel,3.715786,12/7/1988,fr,0,175,6.7,27,0.0,-0.07606310000000001
1089,1089,346594,False,"[18, 14]",44638,The Tempest,2.903024,12/10/2010,en,20000000,110,6.0,31,0.39225,-1.1684299999999999
1090,1090,939423,False,"[28, 35]",47871,Honky Tonk Freeway,1.353283,8/21/1981,en,24000000,107,0.0,0,0.0,-0.38237
1091,1091,480000,False,"[27, 878]",18724,Attack of the 50 Foot Woman,3.224572,5/19/1958,en,88000,65,4.8,30,-0.140157143,-1.1732200000000002
1092,1092,103911669,False,"[27, 9648, 80]",176,Saw,27.975344,10/1/2004,en,1200000,103,7.2,2567,-0.068863636,-1.5837700000000001
1093,1093,502758,False,[18],27064,Mishima: A Life in Four Chapters,4.648784,5/15/1985,en,5000000,121,7.7,40,0.0,-0.339393
1094,1094,29907685,False,"[27, 53]",9682,Pulse,6.974813,8/11/2006,en,38000000,90,5.0,161,-0.020444444,-1.72825
1095,1095,33333531,False,"[53, 878]",22825,The Box,8.48663,9/17/2009,en,30000000,115,5.4,658,0.005769565,-1.18844
1096,1096,156021,False,"[18, 10749]",251053,Washington Heights,1.620276,5/22/2002,en,0,89,8.5,3,0.10925,-1.9922
1097,1097,3106559,False,"[53, 28, 12, 18]",24734,K2,4.870888,10/9/1991,en,0,102,5.7,46,-0.249425,-5.42724
1098,1098,3418141,False,"[28, 35, 10751]",65137,Father Hood,3.273934,8/27/1993,en,0,95,5.5,21,0.0,-1.7177900000000002
1099,1099,12200000,False,"[18, 36, 10749, 10752]",29996,Solomon and Sheba,2.779236,12/25/1959,en,5000000,139,5.3,9,-0.1437125,-0.38867399999999996
1100,1100,1270522,False,"[14, 18, 9648]",141,Donnie Darko,14.953358,1/18/2001,en,6000000,113,7.7,3913,-0.8548,-0.0738716
1101,1101,784990,False,"[18, 10749]",94440,The Boost,2.075808,12/23/1988,en,8000000,95,5.4,13,-0.214275,-0.594449
1102,1102,78269970,False,[18],12184,The Other Boleyn Girl,6.695396,2/28/2008,en,35000000,115,6.4,546,0.158766667,-0.43534700000000004
1103,1103,49114016,False,"[18, 80]",10337,Bugsy,6.049873,12/10/1991,en,30000000,134,6.0,86,-0.019733333,-0.576567
1104,1104,11000000,False,[35],914,The Great Dictator,8.634475,10/15/1940,en,2000000,125,8.2,817,-0.283071429,-0.8879520000000001
1105,1105,10224116,False,"[35, 10751]",21661,Air Bud: Golden Receiver,3.808004,8/14/1998,en,0,90,4.5,43,0.0,-1.1756799999999998
1106,1106,132675402,False,[35],10678,Bringing Down the House,6.014699,3/7/2003,en,20000000,105,5.4,206,0.12001,-1.72911
1107,1107,501533,False,"[18, 10749]",513,Fire,5.606651,9/6/1996,en,0,108,6.1,18,-0.24695,-0.5900569999999999
1108,1108,16991902,False,"[10402, 18, 35]",12508,Rock Star,6.934219,9/4/2001,en,57000000,105,6.0,202,0.0,-0.9077649999999999
1109,1109,89325780,False,"[35, 10749]",11846,Father of the Bride,7.128376,12/20/1991,en,0,105,6.2,378,0.4847,-0.5315340000000001
1110,1110,327803731,False,"[18, 53]",44214,Black Swan,13.572986,12/2/2010,en,13000000,108,7.4,4967,-0.521633333,-2.00881
1111,1111,15014674,False,"[35, 18, 10752]",33258,More American Graffiti,3.512378,8/3/1979,en,2500000,110,5.0,26,-0.007177778,-0.702453
1112,1112,5900000,False,"[80, 28, 18]",20968,Sarkar,2.055459,7/1/2005,hi,1900000,123,7.0,19,-0.094242857,-0.609534
1113,1113,4064495,False,"[28, 35, 14, 878]",9067,Tank Girl,6.834144,3/31/1995,en,25000000,98,5.5,151,-0.1739125,-2.24843
1114,1114,121147947,False,"[18, 10749]",4348,Pride & Prejudice,10.027271,9/16/2005,en,28000000,135,7.8,1543,-0.34377,-0.277169
1115,1115,631221,False,[27],27791,Strangeland,3.236562,10/2/1998,en,1100000,86,4.7,36,0.044205,-2.03346
1116,1116,28084357,False,"[28, 35, 53, 10749]",9434,Grosse Pointe Blank,6.863343,4/11/1997,en,0,107,6.9,290,-0.3686,-0.468546
1117,1117,8620678,False,"[10749, 16, 10751, 12, 14]",19042,All Dogs Go to Heaven 2,7.84136,3/29/1996,en,0,82,4.9,53,-0.075818182,-1.03335
1118,1118,10300000,False,"[28, 18]",10534,White Squall,6.402247,2/2/1996,en,38000000,129,6.3,89,-0.33,-0.8272
1119,1119,75505856,False,"[28, 12, 18, 36, 10749, 10752]",9361,The Last of the Mohicans,8.308077,9/25/1992,en,40000000,112,7.1,805,0.0,0.399649
1120,1120,20659423,False,"[10751, 18, 28, 37, 10749]",24266,The Man from Snowy River,5.278683,3/2/1982,en,3500000,104,6.8,41,0.0,0.21887600000000001
1121,1121,16671505,False,"[28, 12, 35, 10751]",11212,Baby's Day Out,6.197763,7/1/1994,en,50000000,99,5.8,310,0.0,-2.86266
1122,1122,11220670,False,"[18, 35]",2759,"The Adventures of Priscilla, Queen of the Desert",6.311453,5/31/1994,en,0,104,7.2,192,-0.15924,-0.62158
1123,1123,71868327,False,"[28, 12, 35]",134,"O Brother, Where Art Thou?",8.391545,8/30/2000,en,26000000,106,7.3,1207,0.24675,-0.025937400000000003
1124,1124,162949164,False,"[28, 53, 878, 12]",1635,The Island,9.638334,7/20/2005,en,126000000,136,6.5,1927,-0.64985,-1.67701
1125,1125,131183530,False,"[27, 28]",36647,Blade,11.234773,8/21/1998,en,45000000,120,6.5,2061,0.6386,-1.36057
1126,1126,18653615,False,"[18, 35, 10749]",21349,Anywhere But Here,5.317399,11/12/1999,en,23000000,114,5.9,69,0.0,-0.149427
1127,1127,52277485,False,[18],13920,Radio,6.396437,10/24/2003,en,32000000,109,6.8,164,0.0,-2.5488299999999997
1128,1128,2856712,False,"[28, 53, 878, 27]",1946,eXistenZ,7.818891,4/14/1999,en,15000000,97,6.7,525,0.0,-0.696182
1129,1129,16123851,False,"[18, 10749]",11632,Vanity Fair,5.352637,9/1/2004,en,23000000,141,5.5,81,0.0,0.187091
1130,1130,4810190,False,"[10749, 35]",73678,Costa!,1.502915,3/1/2001,nl,2498210,95,6.4,9,0.49516,-2.13218
1131,1131,151493655,False,"[18, 9648, 53, 80]",9481,The Bone Collector,7.070373,11/4/1999,en,73000000,118,6.5,914,-0.222388889,-1.35295
1132,1132,2787965087,False,"[28, 12, 14, 878]",19995,Avatar,37.678897,12/10/2009,en,237000000,162,7.2,12849,-0.9875,-0.43456999999999996
1133,1133,81974493,False,"[12, 28, 53]",668,On Her Majesty's Secret Service,12.465512,12/12/1969,en,6500000,142,6.5,490,0.0,0.441435
1134,1134,77741732,False,"[28, 35]",5851,Showtime,7.293304,3/14/2002,en,85000000,95,5.3,301,0.150025,-0.765798
1135,1135,27575086,False,"[35, 18]",10164,Cadillac Man,4.825371,5/18/1990,en,0,97,5.2,55,0.0,-2.22843
1136,1136,20080020,False,"[12, 10751]",36355,Flipper,6.39539,5/17/1996,en,25530000,95,5.3,88,0.0,-0.518942
1137,1137,494471524,False,"[28, 12, 18]",664,Twister,9.44316,5/10/1996,en,92000000,113,6.1,1031,0.0,-1.41903
1138,1138,211989043,False,"[28, 14, 27, 9648]",9946,End of Days,8.428268,11/24/1999,en,100000000,121,5.5,515,-0.172617647,-2.6036900000000003
1139,1139,176997168,False,"[28, 18, 53, 80, 9648]",9386,In the Line of Fire,8.676696,7/8/1993,en,40000000,128,6.8,414,0.0,-0.538556
1140,1140,173013509,False,"[36, 18, 12]",2289,Cold Mountain,8.101738,12/24/2003,en,79000000,154,6.8,578,0.066606667,-0.982374
1141,1141,351040419,False,"[18, 10749]",64682,The Great Gatsby,12.246503,5/10/2013,en,105000000,143,7.3,4175,-0.2323,-0.172792
1142,1142,18254702,False,"[35, 18]",11562,Crimes and Misdemeanors,7.861849,10/13/1989,en,19000000,104,7.5,219,0.0,-4.46052
1143,1143,9500000,False,"[28, 80, 18, 53]",7304,Running Scared,6.600389,1/6/2006,en,17000000,122,7.0,349,0.0,-0.645464
1144,1144,15705007,False,"[9648, 18, 53, 10749, 10752]",10491,Enigma,5.335726,1/22/2001,en,0,119,6.1,81,0.0,-0.251209
1145,1145,2735731,False,"[53, 35]",19200,Shadows and Fog,6.096089,12/5/1991,en,14000000,85,7.0,84,-0.329433333,0.171121
1146,1146,220021259,False,"[9648, 53]",207932,Inferno,14.414847,10/13/2016,en,75000000,121,5.7,2493,0.0,-6.5956399999999995
1147,1147,21200000,False,"[27, 53]",10489,Cujo,6.845476,8/10/1983,en,5000000,91,5.7,206,-0.0504,-0.930675
1148,1148,325233863,False,"[16, 18]",17979,A Christmas Carol,13.718141,11/4/2009,en,200000000,96,6.6,1259,0.103106,0.421034
1149,1149,194287,False,"[28, 53]",13300,Hell Ride,4.61531,8/8/2008,en,0,84,5.5,60,-0.105142857,-1.53397
1150,1150,249204,False,"[28, 18]",50123,Skins,1.228962,1/14/2002,en,0,84,6.0,1,-0.9386,-2.24945
1151,1151,26781723,False,"[35, 18, 10749]",401,Garden State,10.28281,7/28/2004,en,2500000,102,7.1,671,-0.5648,-0.447615
1152,1152,195735876,False,"[12, 28, 16]",2310,Beowulf,9.322448,11/5/2007,en,70000000,115,5.5,921,-0.265505556,-3.6482300000000003
1153,1153,553799566,False,"[28, 53, 878, 12]",95,Armageddon,13.00455,7/1/1998,en,140000000,151,6.5,2699,-0.039682353,-1.31836
1154,1154,16945171,False,"[28, 80, 18, 53]",24873,Death Wish 3,6.358443,11/1/1985,en,9000000,92,6.1,72,0.0,-0.809856
1155,1155,56714147,False,"[80, 18, 53]",11892,Murder by Numbers,6.532055,4/19/2002,en,50000000,120,6.0,293,0.00879478,-2.95511
1156,1156,26527510,False,[36],12246,Mongol: The Rise of Genghis Khan,7.604197,9/20/2007,ru,18000000,120,6.5,170,-0.017091667,-1.0919
1157,1157,214104620,False,"[36, 80, 18]",11322,Public Enemies,10.094775,7/1/2009,en,80000000,140,6.5,1457,0.050014286,-3.29474
1158,1158,871368364,False,"[12, 14, 28]",120,The Lord of the Rings: The Fellowship of the Ring,28.314192,12/18/2001,en,93000000,178,8.1,9388,-0.4976,-0.00161557
1159,1159,30050028,False,"[28, 53]",10135,Road House,3.938686,5/19/1989,en,15000000,114,6.3,268,0.0,-0.23422600000000002
1160,1160,133332,False,"[28, 53]",346808,Momentum,7.425976,8/1/2015,en,20000000,96,5.9,179,0.0,-1.104
1161,1161,340147,False,[18],54934,Swoon,1.558607,9/11/1992,en,250000,82,5.9,8,0.2464,-1.1749399999999999
1162,1162,41237648,False,"[35, 18, 10749, 53]",9895,Man of the Year,9.883275,10/9/2006,en,20000000,115,5.7,135,-0.016392308,-0.668151
1163,1163,591739379,False,"[12, 53, 878]",74,War of the Worlds,11.497719,6/28/2005,en,132000000,116,6.2,2585,-0.2095,-1.2854
1164,1164,1030375,False,"[35, 10749]",27298,Partner,2.402335,7/20/2007,hi,441892,155,5.8,22,-0.3988,-1.7531
1165,1165,609841637,False,"[35, 10749]",11631,Mamma Mia!,8.760094,7/3/2008,en,52000000,108,6.5,1560,-0.09777,-1.1896
1166,1166,90247624,False,"[18, 28]",96721,Rush,10.465698,9/2/2013,en,38000000,123,7.7,2465,-0.138,-0.47205600000000003
1167,1167,2420917,False,"[10752, 12]",20713,Farewell to the King,3.551716,3/3/1989,en,16000000,117,6.0,25,0.602233333,-0.465109
1168,1168,184890,False,"[18, 10749, 35, 9648]",135473,The Ballad of the Sad Cafe,1.90917,3/28/1991,en,0,101,5.0,1,-0.38006,-0.796082
1169,1169,13596911,False,"[12, 16, 28, 35, 10751]",12610,Osmosis Jones,6.277689,8/7/2001,en,75000000,95,6.0,258,0.0,-5.01352
1170,1170,8862354,False,"[28, 18, 14, 27]",20481,Nightbreed,6.029138,2/16/1990,en,11000000,102,6.4,109,0.324966667,-0.35084
1171,1171,85582407,False,"[35, 18, 10749]",219,Volver,6.586414,3/16/2006,es,12899867,121,7.3,452,0.0,-0.35535100000000003
1172,1172,866999,False,[14],14517,Mirrormask,6.265025,1/25/2005,en,4000000,101,6.6,112,0.178777778,-0.691033
1173,1173,3813293,False,"[35, 27, 878, 53]",10127,Critters 2,7.015139,4/29/1988,en,4500000,86,5.1,95,0.0,-3.20017
1174,1174,2850263,False,"[28, 12, 35]",13064,Airborne,2.913801,9/17/1993,en,2600000,91,6.1,21,0.153884615,-2.91771
1175,1175,17693675,False,[18],76025,Shame,10.38798,10/2/2011,en,6500000,100,7.0,961,0.24825,0.0252303
1176,1176,22611954,False,"[28, 12, 35, 53]",10723,Bulletproof,8.615565,9/6/1996,en,25000000,84,5.4,169,0.1529375,-1.7624799999999998
1177,1177,1432687,False,"[80, 18, 28, 53]",33851,A Prayer for the Dying,3.780054,9/11/1987,en,6000000,107,6.1,17,0.0,-0.118799
1178,1178,13200170,False,"[10749, 18]",26561,Enchanted April,3.289453,11/6/1991,en,0,89,6.9,25,0.188788333,1.9213900000000002
1179,1179,95708457,False,"[14, 28, 53]",277,Underworld,22.08105,9/19/2003,en,22000000,121,6.6,2693,0.048225,-1.69966
1180,1180,1089000,False,"[35, 18, 14]",78151,Wired,1.241228,8/25/1989,en,0,112,4.3,3,0.1557875,-1.67493
1181,1181,45892212,False,"[28, 53, 80]",4105,Black Rain,7.986245,9/22/1989,en,30000000,125,6.2,264,-0.257,-0.404391
1182,1182,10499694,False,"[28, 12]",12500,American Ninja,7.039667,8/30/1985,en,1000000,95,5.6,79,-0.15207,-1.13972
1183,1183,95226116,False,"[35, 80]",4551,Be Cool,6.955655,3/4/2005,en,53000000,118,5.3,317,0.049091667,-1.16228
1184,1184,17762705,False,"[27, 53, 878]",7341,The Rage: Carrie 2,4.754552,3/11/1999,en,21000000,104,5.0,86,0.224325,-2.1069400000000003
1185,1185,62112895,False,"[18, 36, 10749]",1722,Captain Corelli's Mandolin,6.357771,4/18/2001,en,57000000,131,5.6,160,-0.20628,-0.767985
1186,1186,3566637,False,"[16, 35, 10751, 10402]",24662,Cats Don't Dance,6.136751,3/26/1997,en,32000000,75,6.6,30,0.0,-0.691655
1187,1187,32648673,False,[35],11381,Tommy Boy,7.290292,3/31/1995,en,0,97,6.7,332,0.221733333,-1.52271
1188,1188,28607524,False,"[18, 10751]",5693,Hoosiers,6.217922,11/14/1986,en,9000000,114,7.1,153,0.0,-0.410972
1189,1189,66468332,False,[35],11397,Not Another Teen Movie,8.77421,12/7/2001,en,16000000,89,5.4,485,0.0,-2.36022
1190,1190,114977104,False,"[18, 10749, 10752]",22971,Dear John,10.549352,2/4/2010,en,25000000,115,6.6,1407,-0.142061538,-0.697155
1191,1191,147934180,False,"[28, 35, 10751, 12]",10054,Spy Kids,9.297787,3/18/2001,en,35000000,88,5.5,984,0.160016667,-4.2439
1192,1192,940944,False,"[80, 18, 10749, 53]",3134,Rape Me,7.621924,6/28/2000,fr,0,77,4.3,83,-0.2249,-1.2563799999999998
1193,1193,869325,False,"[28, 12, 14, 878]",27549,Beastmaster 2: Through the Portal of Time,3.094512,6/8/1991,en,6000000,107,4.6,17,-0.135128571,-1.29233
1194,1194,12706478,False,"[9648, 53]",9748,D.O.A.,7.012199,3/18/1988,en,0,96,5.9,39,-0.125111111,-1.10537
1195,1195,49084830,False,"[80, 18]",398,Capote,7.187327,9/30/2005,en,7000000,114,6.9,426,0.0,-0.0490199
1196,1196,27769,False,[878],24029,Slipstream,3.122894,2/3/2005,en,0,89,4.6,21,-0.078404251,-1.9274
1197,1197,30553394,False,[27],298584,Cabin Fever,10.345036,2/12/2016,en,0,99,4.4,121,-0.13244,-1.79276
1198,1198,11992014,False,[18],483481,The Return,13.530517,12/7/2017,ko,0,100,0.0,0,-0.82935,-1.48815
1199,1199,16171098,False,"[35, 80, 53]",2084,Birthday Girl,8.435137,9/6/2001,en,13000000,93,6.1,110,0.09765,-4.40911
1200,1200,27165581,False,"[28, 12, 35, 80, 18]",45408,The Protector,4.406624,7/11/1985,en,0,91,5.6,38,0.0,-0.89971
1201,1201,250,False,"[12, 16, 10751]",10009,Brother Bear,10.434201,10/23/2003,en,100000000,85,6.9,1524,0.038816667,-0.908379
