Adult,Genre ID,IMDB ID,Movie,Popularity,Release date,run budget,run time,vote average,vote_count,revenue
FALSE,18,826,The Bridge on the River Kwai,10.156675,10/2/1957,3000000,161,7.7,600,27200000
FALSE,18,12628,Playing God,3.426904,10/17/1997,12000000,94,5.5,26,4000000
FALSE,28,9103,The Quest,5.646706,4/19/1996,30000000,95,5.3,135,57400547
FALSE,18,25598,The Indian Runner,1.851309,5/19/1991,7000000,127,6.3,24,191125
FALSE,35,9353,Nacho Libre,8.611032,6/16/2006,32000000,92,5.6,384,80197993
FALSE,18,20927,Bed of Roses,2.865682,1/26/1996,0,87,5.1,27,19030691
FALSE,18,23830,Last Night,7.527487,5/11/2010,7000000,90,6.1,266,7644937
FALSE,10749,18524,The Celestine Prophecy,3.289517,6/1/2006,10000000,99,4.8,16,615752
FALSE,14,11428,Sleepwalkers,7.090693,4/10/1992,0,91,4.9,105,30524763
FALSE,35,7211,Dan in Real Life,7.7517,10/26/2007,25000000,98,6.6,387,68377859
FALSE,16,12092,Alice in Wonderland,13.784223,7/3/1951,3000000,75,7,1686,572000000
FALSE,16,10137,Stuart Little,8.888607,12/17/1999,133000000,84,5.8,1125,300135367
FALSE,28,12142,Alone in the Dark,6.64683,1/28/2005,20000000,96,3.1,179,10442808
FALSE,28,240832,Lucy,48.800106,7/14/2014,40000000,89,6.2,6500,126546825
FALSE,35,37964,Brown Sugar,3.033906,10/5/2002,8000000,109,7,32,27362712
FALSE,18,11321,Seven Pounds,7.81375,12/18/2008,55000000,123,7.5,2273,168167691
FALSE,35,13665,Arthur,7.789407,7/17/1981,7000000,97,6.5,135,95461682
FALSE,27,3021,1408,10.572676,7/12/2007,25000000,104,6.5,1489,94679598
FALSE,18,11798,This Is England,3.316388,9/12/2006,2380000,101,7.4,396,8176544
FALSE,14,24808,Something Wicked This Way Comes,3.73968,4/29/1983,19000000,95,6.6,38,5656087
FALSE,80,1598,Cape Fear,7.496256,11/15/1991,35000000,128,7,751,182300000
FALSE,16,12092,Alice in Wonderland,13.784223,7/3/1951,3000000,75,7,1686,572000000
FALSE,18,8221,What Have I Done to Deserve This?,3.510825,10/24/1984,0,102,7.4,41,706685
FALSE,28,10388,The Limey,6.037814,5/15/1999,10000000,89,6.6,115,3193102
FALSE,27,948,Halloween,11.949158,10/24/1978,325000,91,7.4,1192,70000000
FALSE,35,9024,For Love or Money,7.023222,10/1/1993,30000000,94,5.8,80,11146270
FALSE,18,17707,Brokedown Palace,9.536457,8/13/1999,25000000,100,6.3,121,13000000
FALSE,35,34086,Spaced Invaders,3.173724,4/27/1990,3000000,100,4.7,29,15369573
FALSE,18,2246,Malice,10.29221,9/29/1993,0,107,6,113,46405336
FALSE,18,38909,Salsa,2.227635,7/9/1988,0,98,4.8,8,8892589
FALSE,14,15139,The Pagemaster,7.198176,11/23/1994,27000000,80,6.2,192,13670688
FALSE,53,10909,Kalifornia,6.426634,9/1/1993,9000000,117,6.5,224,2395231
FALSE,99,1781,An Inconvenient Truth,6.670329,1/24/2006,1000000,100,6.7,275,46243000
FALSE,10749,16295,Higher Learning,4.783932,1/11/1995,0,127,6.4,53,38290723
FALSE,9648,5137,Sky Captain and the World of Tomorrow,5.885554,9/17/2004,70000000,107,5.7,472,57958696
FALSE,27,257206,Time of Her Life,1.215448,3/3/2006,100000,96,6,6,750000
FALSE,18,453,A Beautiful Mind,12.363865,12/11/2001,60000000,135,7.7,3318,313542341
FALSE,35,13698,Gung Ho,5.346699,3/13/1986,0,111,6.2,50,36611610
FALSE,28,4421,G.I. Jane,7.65784,8/22/1997,50000000,125,6,430,48169156
FALSE,28,9509,Man on Fire,9.562333,4/23/2004,70000000,146,7.3,1664,130293714
FALSE,28,45001,Deewana,1.682441,6/25/1992,0,185,7,11,12000000
FALSE,10402,10269,Yentl,4.327411,11/18/1983,12000000,132,6.2,56,30400000
FALSE,35,12572,"New York, I Love You",7.024174,9/6/2008,14700000,103,5.8,183,8049666
FALSE,18,14359,Doubt,7.568715,11/27/2008,20000000,104,7.1,482,50907234
FALSE,28,10863,Eye of the Needle,4.157178,7/24/1981,0,112,6.4,49,18000000
FALSE,18,17917,Oliver!,9.934193,9/26/1968,10000000,153,7,112,37402877
FALSE,18,35119,A Cry in the Dark,3.848367,11/11/1988,15000000,120,6.5,50,6908797
FALSE,10749,16941,Intermission,6.458476,8/29/2003,5000000,105,6.4,52,4856298
FALSE,28,7305,Alive,7.210233,1/15/1993,32000000,120,6.7,412,36733909
FALSE,27,11460,Red Eye,6.991706,8/4/2005,26000000,85,6.2,512,57891803
FALSE,28,6519,The Dukes of Hazzard,11.685344,8/5/2005,50000000,104,5.1,348,110803676
FALSE,878,416149,The Perfect Weapon,5.920854,9/9/2016,8000000,88,3.9,18,17000000
FALSE,28,10711,French Connection II,6.308552,5/18/1975,0,119,6.6,101,12484444
FALSE,53,8848,The Bank Job,7.672312,2/28/2008,20000000,112,6.6,746,64822796
FALSE,28,11951,Vanishing Point,6.67434,1/15/1971,1300000,99,7.2,117,72266306
FALSE,35,9849,My Favorite Martian,5.960053,2/11/1999,65000000,94,5.1,84,36850101
FALSE,18,10264,Hamlet,8.931482,12/19/1990,0,130,6.7,104,20710451
FALSE,12,77221,Black Gold,10.547137,12/21/2011,40000000,130,5.9,85,5446000
FALSE,35,14306,Marley & Me,9.975104,12/25/2008,60000000,115,6.9,1483,242717113
FALSE,10402,759,Gentlemen Prefer Blondes,6.991105,7/14/1953,0,91,7.1,183,12000000
FALSE,35,10591,The Girl Next Door,9.527545,4/9/2004,25000000,108,6.3,912,30411183
FALSE,12,8592,Dick Tracy,5.674841,6/15/1990,47000000,103,6,275,103738726
FALSE,80,504,Monster,6.190862,11/16/2003,8000000,110,7,548,60378584
FALSE,18,14635,The Rookie,8.7278,3/25/2002,20000000,127,6.5,120,75597042
FALSE,18,16520,The King and I,8.263556,6/29/1956,4550000,133,7.3,109,21300000
FALSE,18,3116,Midnight Cowboy,9.052681,5/25/1969,3600000,113,7.5,333,44785053
FALSE,35,10078,Magicians,6.355778,5/18/2007,0,90,6.2,25,1752038
FALSE,18,17332,The Soloist,6.510224,4/24/2009,60000000,109,6.6,255,31720158
FALSE,18,2239,Hallam Foe,5.609041,2/16/2007,8000000,95,6.8,52,60641
FALSE,14,49730,Red Riding Hood,9.244878,3/11/2011,42000000,100,5.7,1043,89162162
FALSE,18,51321,Permanent Record,2.061315,4/22/1988,8000000,91,6,11,1893139
FALSE,18,60579,Hey Ram,1.439164,2/18/2000,3900000,199,6.7,10,4900000
FALSE,99,24582,Manufactured Landscapes,2.592172,9/9/2006,0,90,7.3,15,240239
FALSE,35,2039,Moonstruck,8.996911,12/18/1987,0,102,6.7,195,80640528
FALSE,878,1895,Star Wars: Episode III - Revenge of the Sith,12.64329,5/17/2005,113000000,140,7.1,4522,850000000
FALSE,35,75386,Haiku Tunnel,1.076985,9/7/2001,0,88,7,2,251058
FALSE,27,11059,House of the Dead,6.299035,4/11/2003,7000000,90,2.8,112,13818181
FALSE,35,9688,Melinda and Melinda,6.433094,10/29/2004,0,100,6.3,135,20085825
FALSE,18,26149,Music of the Heart,4.008531,10/29/1999,27000000,124,6.3,52,14859394
FALSE,12,10339,Moby Dick,5.626089,6/27/1956,4500000,116,6.8,100,10400000
FALSE,35,21118,Waking Up in Reno,4.35156,12/13/2002,0,91,5.1,24,261603
FALSE,18,4251,Veer-Zaara,5.00822,11/12/2004,7000000,192,7.5,72,29385320
FALSE,18,11489,Rosetta,4.43268,5/23/1999,0,95,7.2,56,266665
FALSE,18,9062,Love Story,11.560056,12/16/1970,2200000,99,6.6,127,136400000
FALSE,12,604,The Matrix Reloaded,20.218433,5/15/2003,150000000,138,6.7,3725,738599701
FALSE,35,9778,Serendipity,9.439279,10/5/2001,28000000,90,6.7,571,77516304
FALSE,12,267935,The BFG,28.01442,6/1/2016,140000000,120,6.1,1112,183345589
FALSE,35,16406,Dick,6.183602,8/4/1999,13000000,94,5.7,68,27500000
FALSE,28,13191,"War, Inc.",6.592585,4/28/2008,5000000,106,5.6,89,1296184
FALSE,28,9383,Hollow Man,9.739024,8/4/2000,95000000,112,5.6,694,190213455
FALSE,18,9560,A Walk in the Clouds,7.014401,8/11/1995,20000000,103,6.6,181,50012507
FALSE,18,22267,Ride with the Devil,5.713073,11/24/1999,38000000,138,6.6,51,635096
FALSE,28,16214,Hooper,3.35336,7/28/1978,0,107,6.1,36,78000000
FALSE,35,2171,Wet Hot American Summer,6.668558,7/27/2001,5000000,97,6.4,281,295206
FALSE,14,924,Dawn of the Dead,9.147155,3/19/2004,28000000,101,6.8,1128,102356381
FALSE,14,19051,The New Adventures of Pippi Longstocking,3.61177,7/6/1988,5000000,100,5.8,18,3569939
FALSE,53,44326,Extremities,2.934475,8/22/1986,0,89,6,13,13418091
FALSE,27,11284,Freddy's Dead: The Final Nightmare,10.483103,9/5/1991,11000000,89,5.1,304,34872033
FALSE,28,297762,Wonder Woman,305.721742,5/30/2017,149000000,141,7.2,6273,82176340
FALSE,35,15373,Role Models,8.985356,11/7/2008,28000000,99,6.4,597,92380927
FALSE,18,38718,Reversal of Fortune,4.050676,10/5/1990,0,111,6.6,62,15445131
FALSE,28,13154,Showdown in Little Tokyo,7.279503,8/23/1991,8000000,79,5.7,104,2275557
FALSE,18,1523,The Last King of Scotland,8.556531,9/1/2006,6000000,121,7.4,603,48027970
FALSE,18,9400,Set It Off,4.727594,11/6/1996,9000000,118,6.9,69,41590886
FALSE,35,6961,The Wedding Date,8.084758,2/4/2005,15000000,88,6.2,259,47175038
FALSE,12,10315,Fantastic Mr. Fox,8.623031,10/23/2009,40000000,87,7.5,1289,46471023
FALSE,12,10339,Moby Dick,5.626089,6/27/1956,4500000,116,6.8,100,10400000
FALSE,37,9023,Spirit: Stallion of the Cimarron,8.967454,5/24/2002,80000000,83,7.4,981,122563539
FALSE,16,17979,A Christmas Carol,13.718141,11/4/2009,200000000,96,6.6,1259,325233863
FALSE,18,640,Catch Me If You Can,12.868387,12/25/2002,52000000,141,7.7,4220,352114312
FALSE,99,8357,What the #$*! Do We (K)now!?,5.081999,4/23/2004,0,109,5.7,36,10000000
FALSE,80,17494,Unlawful Entry,4.836356,6/26/1992,23000000,117,5.8,67,57138719
FALSE,18,33142,Vivah,2.62818,11/10/2006,10,162,6.5,26,4000000
FALSE,35,4256,Scary Movie 3,10.994533,10/24/2003,48000000,84,5.8,1058,220673217
FALSE,35,114726,Out on a Limb,2.477641,9/4/1992,11000000,82,6.2,13,1659542
FALSE,35,512,Scoop,6.683785,7/27/2006,4000000,96,6.4,467,31584901
FALSE,99,24348,Powaqqatsi,4.742449,4/29/1988,2500000,99,7.5,40,589244
FALSE,35,11431,Fever Pitch,6.876429,4/6/2005,30000000,103,5.8,196,50451307
FALSE,27,29064,The Omega Code,2.252709,10/15/1999,0,100,4.4,17,2400000
FALSE,12,2059,National Treasure,9.481867,11/19/2004,100000000,131,6.4,2122,347451894
FALSE,80,70436,The Raven,7.067215,3/9/2012,26000000,111,6.1,455,29657751
FALSE,27,9357,One Hour Photo,7.172717,8/21/2002,12000000,96,6.6,480,52223306
FALSE,18,11557,St. Elmo's Fire,6.768464,6/20/1985,0,110,6,144,37803872
FALSE,35,10481,102 Dalmatians,7.087468,10/7/2000,85000000,100,5.1,352,183611771
FALSE,18,266030,Party Girl,2.164918,8/27/2014,0,95,6.9,14,472370
FALSE,35,34016,She's Out of My League,7.219591,3/11/2010,20000000,104,5.9,578,49779728
FALSE,18,2998,Zabriskie Point,5.529823,2/9/1970,7000000,113,7.1,89,1000000
FALSE,18,16781,Madea's Family Reunion,6.088449,2/24/2006,6000000,110,6,78,57231524
FALSE,878,149,Akira,10.329727,7/16/1988,8000000,124,7.8,877,553171
FALSE,18,25853,Dahmer,4.301807,6/21/2002,250000,101,5.2,59,144008
FALSE,27,10307,Stigmata,6.965436,9/10/1999,29000000,103,5.9,265,50041732
FALSE,35,9771,Major League: Back to the Minors,2.599883,4/17/1998,0,107,4.3,23,3572443
FALSE,53,303,Notorious,10.862401,8/15/1946,2000000,102,7.8,374,24464742
FALSE,27,11082,The Seventh Sign,6.083786,4/1/1988,0,97,5.9,81,18875011
FALSE,28,9509,Man on Fire,9.562333,4/23/2004,70000000,146,7.3,1664,130293714
FALSE,35,14820,Music Within,3.170794,1/5/2007,0,94,6.7,18,153205
FALSE,18,25188,The Last Picture Show,7.54337,10/2/1971,1300000,118,7.7,147,29133000
FALSE,18,792,Platoon,11.764249,12/18/1986,6000000,120,7.5,1323,138530565
FALSE,28,5375,Fred Claus,7.434961,11/3/2007,100000000,116,5.4,232,97838349
FALSE,18,1125,Dreamgirls,7.427213,12/25/2006,70000000,134,6.6,309,154937680
FALSE,18,108312,Native Son,1.371219,12/24/1986,2000000,111,2,2,1301121
FALSE,28,23587,Vigilante,5.034868,1/4/1983,0,90,7.1,16,5091888
FALSE,53,9594,Double Impact,7.444173,7/31/1991,15000000,110,5.3,236,30102717
FALSE,28,12244,9,9.868553,8/19/2009,30000000,79,6.6,1352,48428063
FALSE,28,10881,Avalon,7.206154,1/20/2001,8000000,107,6.7,100,8826094
FALSE,18,72277,The Last Wave,2.811122,1/1/1977,810000,106,6.9,40,1258000
FALSE,27,10576,Psycho II,5.931639,6/3/1983,5000000,113,6.1,135,34725000
FALSE,18,293,A River Runs Through It,9.383502,10/9/1992,0,123,7,261,43440294
FALSE,18,873,The Color Purple,11.680162,12/18/1985,15000000,154,7.7,379,146292009
FALSE,18,88641,There Goes My Baby,1.07898,9/2/1994,10500000,99,8.5,2,123509
FALSE,35,10328,Cocoon,6.901259,6/21/1985,0,117,6.5,352,85313124
FALSE,99,12901,No End in Sight,2.840742,7/27/2007,2000000,102,7.4,25,1431623
FALSE,99,50062,The Ground Truth,1.004528,9/15/2006,500000,72,0,0,12207
FALSE,18,2266,"Paris, je t'aime",10.090438,5/16/2006,13000000,120,6.8,227,4857367
FALSE,18,54580,Mondays in the Sun,3.372179,9/27/2002,4000000,113,7.1,41,146402
FALSE,80,18588,52 Pick-Up,3.50913,11/7/1986,0,110,5.8,24,5186646
FALSE,14,24795,Angels in the Outfield,6.035827,7/15/1994,0,102,5.8,130,50236831
FALSE,27,329440,The Forest,8.217988,1/7/2016,10000000,95,4.8,529,40055439
FALSE,37,156566,Red Garters,1.627794,2/9/1954,0,91,0,0,1300000
FALSE,35,8970,The Out-of-Towners,4.741464,4/2/1999,75000000,90,5,48,29000000
FALSE,9648,9708,The Wicker Man,8.553985,9/1/2006,40000000,102,4.1,388,38755073
FALSE,35,455,Bend It Like Beckham,6.542885,4/11/2002,3500159,112,6.2,650,76578641
FALSE,10749,28151,Baptists at Our Barbecue,1.144915,10/8/2004,500000,92,4,2,173306
FALSE,80,388,Inside Man,8.827844,3/23/2006,45000000,129,7.3,1775,184376254
FALSE,18,401546,The Dinner,7.700873,5/5/2017,0,120,4.2,61,1323312
FALSE,18,59210,The Mother,3.30939,1/1/2003,2500000,112,6.3,19,1062253
FALSE,18,35227,Foolish Wives,1.683022,1/11/1922,1100000,117,6.3,11,400200
FALSE,9648,1842,The Legend of Boggy Creek,2.807997,8/1/1972,100000,90,5.6,19,22000000
FALSE,18,10400,The Hurricane,6.97024,9/17/1999,50000000,146,7.3,432,73956241
FALSE,10402,3682,54,6.822577,8/28/1998,13000000,106,5.5,149,16757163
FALSE,28,9350,Cliffhanger,9.355405,5/28/1993,70000000,112,6.1,647,255000211
FALSE,28,54022,Search and Destroy,1.46867,1/1/1995,4000000,90,6.1,4,389503
FALSE,27,24331,Scanners II: The New Order,2.665752,6/28/1991,0,104,4.6,22,14225876
FALSE,18,52778,Until September,2.295451,9/21/1984,0,95,6.3,2,4100000
FALSE,28,9515,The Matador,6.818872,5/12/2005,10000000,96,6.2,145,17297244
FALSE,18,13763,Purple Rain,5.849371,7/27/1984,7200000,111,6.7,99,68392977
FALSE,27,13788,The Unborn,7.376899,1/9/2009,16000000,87,4.9,401,76514050
FALSE,27,6466,Freddy vs. Jason,16.30388,8/15/2003,30000000,97,5.8,678,114908830
FALSE,18,8913,Pet Sematary,8.132245,4/21/1989,11500000,103,6.4,445,57469467
FALSE,18,1903,Vanilla Sky,7.073076,12/10/2001,68000000,136,6.5,1182,203388341
FALSE,28,15749,While She Was Out,5.158581,10/27/2008,6000000,108,4.8,38,391410
FALSE,80,7972,Before the Devil Knows You're Dead,7.601975,9/26/2007,18000000,117,6.9,397,25005257
FALSE,18,9566,The Fan,7.148061,8/15/1996,55000000,116,5.7,221,18626419
FALSE,10751,17043,The Crocodile Hunter: Collision Course,3.768994,7/26/2002,0,90,5.4,37,33082548
FALSE,10749,10288,Fido,6.274175,9/7/2006,8000000,91,6.6,143,426224
FALSE,28,88751,Journey to the Center of the Earth,17.414348,7/10/2008,45000000,93,5.8,1461,101702060
FALSE,18,11975,The Rainmaker,6.813961,11/18/1997,40000000,135,6.7,258,45916769
FALSE,10749,150689,Cinderella,17.853442,3/12/2015,95000000,105,6.7,2580,543514353
FALSE,99,1843,Dig!,2.371056,5/14/2004,0,107,7.2,20,127067
FALSE,28,10544,Ned Kelly,6.985726,3/22/2003,0,110,6.1,123,6585516
FALSE,18,5048,Prospero's Books,2.686087,9/5/1991,0,120,6.5,30,1750301
FALSE,80,48309,Prison,2.590663,3/4/1988,1300000,102,6.7,27,354704
FALSE,80,8617,Prom Night,6.096935,4/10/2008,0,88,4.8,179,14796236
FALSE,18,4584,Sense and Sensibility,6.59583,12/13/1995,16500000,136,7.2,388,135000000
FALSE,18,34615,"Cry, the Beloved Country",2.33561,12/15/1995,0,106,6.7,13,676525
FALSE,80,9517,Bully,6.315463,6/15/2001,0,113,6.7,133,480811
FALSE,80,994,Straw Dogs,7.203698,12/29/1971,2200000,118,7.2,248,3251794
FALSE,53,4147,Road to Perdition,8.393301,7/12/2002,80000000,117,7.3,1177,181001478
FALSE,16,15035,Fire and Ice,5.788546,3/25/1983,1200000,81,6.4,40,760883
FALSE,35,321751,A Perfect Day,9.545707,8/28/2015,0,106,6.6,204,1702433
FALSE,28,9947,Elektra,9.25167,1/13/2005,43000000,97,4.8,642,56681566
FALSE,35,6282,Coyote Ugly,7.372124,7/30/2000,45000000,100,5.9,634,113916474
FALSE,80,3093,Basic Instinct 2,7.543018,3/29/2006,70000000,114,4.6,193,38629478
FALSE,18,7442,Sleeping with the Enemy,8.645425,2/8/1991,19000000,99,6.2,254,174999005
FALSE,18,7510,Running with Scissors,5.17328,10/27/2006,12000000,116,5.8,83,6754898
FALSE,14,10253,Dragon Wars: D-War,6.026141,2/8/2007,70000000,90,4,106,53587404
FALSE,18,1791,The Piano Teacher,7.252297,5/14/2001,3000000,131,7.2,210,9801375
FALSE,35,18462,Night of the Comet,5.869497,11/16/1984,3000000,95,6.1,98,14418922
FALSE,28,9208,Broken Arrow,7.69462,2/9/1996,50000000,108,5.7,474,150270147
FALSE,35,392,Chocolat,8.141895,12/14/2000,25000000,121,6.8,1057,152500343
FALSE,18,38684,Jane Eyre,6.145302,3/11/2011,0,120,7,469,34710627
FALSE,35,11451,Herbie Fully Loaded,8.35774,6/22/2005,50000000,101,5.1,607,66002004
FALSE,35,20009,Slackers,8.857715,2/1/2002,14000000,86,5.4,61,6413915
FALSE,18,2769,An American in Paris,9.844808,8/8/1951,2723903,113,6.9,140,4500000
FALSE,28,21871,Tank,3.020277,3/16/1984,0,113,5.8,23,14134877
FALSE,18,334,Magnolia,8.696982,12/8/1999,37000000,188,7.5,916,48451803
FALSE,14,10150,The Last Unicorn,7.51276,11/19/1982,0,92,6.9,125,6455530
FALSE,27,694,The Shining,28.248754,5/22/1980,19000000,144,8.1,4344,44017374
FALSE,18,11804,White Noise,10.79153,1/7/2005,10000000,101,5.5,282,91196419
FALSE,18,597,Titanic,28.549703,11/18/1997,200000000,194,7.6,8385,1845034188
FALSE,12,11780,Rob Roy,10.13323,4/13/1995,28000000,139,6.5,165,31596911
FALSE,18,32020,Foxes,3.937096,2/29/1980,0,106,5.6,25,4400000
FALSE,80,16723,Sugar & Spice,5.162364,1/24/2001,11000000,81,5.8,64,13276953
FALSE,35,21055,All Over the Guy,3.019332,3/7/2001,0,95,5.7,25,1051948
FALSE,18,12109,It's All Gone Pete Tong,3.922852,9/12/2004,2000000,90,7.1,55,120620
FALSE,35,9586,The Bonfire of the Vanities,8.594463,12/21/1990,47000000,125,5.3,121,15691192
FALSE,35,10096,13 Going on 30,8.345456,4/13/2004,37000000,98,6.2,1346,96455697
FALSE,35,12153,White Chicks,7.091523,6/23/2004,37000000,109,6.4,763,113086475
FALSE,18,11978,Men of Honor,8.448912,9/13/2000,82343495,129,7,588,48814909
FALSE,12,11837,Watership Down,5.574031,10/14/1978,1000000,88,7.3,180,3713768
FALSE,14,310,Bruce Almighty,9.867555,5/23/2003,80000000,101,6.5,3404,484572835
FALSE,28,5236,Kiss Kiss Bang Bang,9.765731,9/5/2005,15000000,103,7.2,954,15785148
FALSE,35,3573,Emma,5.703418,8/2/1996,6000000,121,6.7,165,22231658
FALSE,35,25447,Tapeheads,7.462659,10/21/1988,0,93,5.4,17,343786
FALSE,12,62764,Mirror Mirror,9.536227,3/15/2012,85000000,106,5.6,1225,183018522
FALSE,12,9824,Mystery Men,6.024557,8/6/1999,68000000,121,5.7,261,29762011
FALSE,14,4474,My Super Ex-Girlfriend,5.920199,6/20/2006,0,95,4.8,483,60896147
FALSE,18,12162,The Hurt Locker,9.634247,10/10/2008,15000000,131,7.2,1996,42000000
FALSE,35,18913,Betsy's Wedding,2.520806,6/22/1990,0,94,5.3,12,19740070
FALSE,28,14623,Thunderbirds,5.854446,7/23/2004,57000000,95,4.3,98,28283637
FALSE,18,7870,Down in the Valley,4.712188,5/13/2005,8000000,112,6,68,852872
FALSE,27,25438,Trick or Treat,4.018731,10/24/1986,0,98,5.5,42,6797218
FALSE,10402,39095,Mungaru Male,1.215599,12/15/2006,330000,143,7.3,6,7800000
FALSE,12,1452,Superman Returns,10.234001,6/28/2006,270000000,154,5.4,1520,391081192
FALSE,18,1904,Memoirs of a Geisha,7.781877,12/6/2005,85000000,145,7.3,717,162242962
FALSE,28,11969,Tombstone,8.732705,12/25/1993,25000000,130,7.4,663,56505065
FALSE,12,12701,Revolution,3.935995,12/25/1985,28000000,126,5.2,23,358574
FALSE,35,10158,White Men Can't Jump,6.495735,3/26/1992,0,115,6.3,321,90753806
FALSE,28,2503,The Bourne Ultimatum,13.437615,8/3/2007,70000000,115,7.3,3063,442824138
FALSE,18,231,Syriana,9.115641,11/23/2005,50000000,128,6.3,484,93974620
FALSE,35,3573,Emma,5.703418,8/2/1996,6000000,121,6.7,165,22231658
FALSE,18,14794,If....,7.080233,12/19/1968,0,111,7.1,89,500000
FALSE,35,51333,Love's Labour's Lost,4.691374,3/31/2000,13000000,93,5.4,15,299792
FALSE,12,817,Austin Powers: The Spy Who Shagged Me,12.211415,6/8/1999,33000000,95,6.2,1110,312016858
FALSE,53,13483,Awake,7.89438,11/28/2007,86000000,84,6.3,432,14373825
FALSE,80,11892,Murder by Numbers,6.532055,4/19/2002,50000000,120,6,293,56714147
FALSE,53,43947,I Spit on Your Grave,13.61956,6/17/2010,2000000,108,6.3,573,572809
FALSE,18,11159,Secrets & Lies,7.538128,5/24/1996,4500000,142,7.1,134,13417292
FALSE,10749,150689,Cinderella,17.853442,3/12/2015,95000000,105,6.7,2580,543514353
FALSE,28,75612,Oblivion,11.8042,4/10/2013,120000000,124,6.4,5059,286168572
FALSE,28,27201,Corvette Summer,3.344615,6/2/1978,0,105,5.4,18,15500000
FALSE,18,1890,Children of a Lesser God,4.796876,9/13/1986,0,119,6.9,76,31853080
FALSE,16,1267,Meet the Robinsons,8.062878,3/23/2007,150000000,95,6.7,841,169332978
FALSE,28,5175,Rush Hour 2,8.772264,8/3/2001,90000000,90,6.4,1169,347325802
FALSE,18,13075,Sherrybaby,4.197485,9/8/2006,2000000,96,6.3,45,622806
FALSE,28,10136,The Golden Child,7.466484,12/12/1986,25000000,94,5.6,323,79817939
FALSE,18,10264,Hamlet,8.931482,12/19/1990,0,130,6.7,104,20710451
FALSE,53,11963,Three Days of the Condor,7.548183,9/24/1975,0,117,7.2,248,27476252
FALSE,9648,12101,Soylent Green,6.21732,4/19/1973,0,97,6.8,323,3600000
FALSE,28,4643,The Guardian,8.321034,9/28/2006,70000000,139,6.8,420,55011732
FALSE,27,9599,The Blob,9.407336,8/5/1988,19000000,95,6.4,204,8247943
FALSE,28,10871,Switchback,7.80949,10/31/1997,37000000,118,5.8,56,6482195
FALSE,9648,963,The Maltese Falcon,7.34665,11/18/1941,375000,100,7.8,472,1000000
FALSE,35,11090,The Animal,8.204882,6/1/2001,22000000,84,4.6,329,84772742
FALSE,28,865,The Running Man,8.224018,11/13/1987,27000000,101,6.4,748,38122105
FALSE,28,22787,Whiteout,9.90847,9/9/2009,40000000,101,5.4,240,12206028
FALSE,28,9389,Renaissance,7.174543,3/16/2006,18000000,105,6.7,84,1831348
FALSE,28,14570,Gymkata,2.20393,5/3/1985,8500000,90,4.8,16,5730596
FALSE,27,10072,A Nightmare on Elm Street 3: Dream Warriors,10.29536,2/27/1987,5000000,96,6.5,400,44793222
FALSE,14,11597,Toys,5.577051,12/18/1992,0,118,5.1,179,23278931
FALSE,35,55278,Church Ball,1.701219,3/17/2006,1000000,91,3.8,4,464991
FALSE,35,1262,Stranger Than Fiction,8.121787,9/9/2006,30000000,113,7.1,786,53653224
FALSE,35,4248,Scary Movie 2,10.578321,7/4/2001,45000000,83,5.5,1131,141220678
FALSE,18,16131,Undertow,5.287017,5/14/2004,0,108,5.9,35,143597
FALSE,18,3060,The Big Parade,2.894134,11/5/1925,245000,151,7.3,27,22000000
FALSE,27,9299,Thesis,7.239632,4/11/1996,0,125,7.3,175,2647055
FALSE,35,2357,10 Items or Less,7.245501,9/11/2006,0,81,6.5,51,580527
FALSE,16,18890,We're Back! A Dinosaur's Story,6.838758,11/24/1993,0,72,5.7,119,9317021
FALSE,18,47821,City of Joy,2.909109,4/15/1992,27000000,132,6.4,34,14683921
FALSE,35,13,Forrest Gump,19.622654,7/6/1994,55000000,142,8.3,8767,677945399
FALSE,28,1369,Rambo: First Blood Part II,10.545377,5/21/1985,44000000,96,6.3,944,300400432
FALSE,18,25461,Raising Victor Vargas,7.627181,5/16/2002,800000,88,7.7,17,2816116
FALSE,12,2080,X-Men Origins: Wolverine,2.078487,4/28/2009,150000000,107,6.2,4335,373062864
FALSE,16,13053,Bolt,12.322169,11/21/2008,150000000,98,6.3,1913,309979994
FALSE,27,24274,Dead & Buried,4.351878,5/29/1981,3000000,94,6.1,57,216166
FALSE,10749,1389,Out of Sight,7.620994,6/26/1998,48000000,123,6.5,356,77745568
FALSE,35,47502,Faithful,2.270849,4/3/1996,13000000,91,4.8,4,9789900
FALSE,28,17708,Corky Romano,5.305229,10/12/2001,11000000,86,4.1,57,23978402
FALSE,28,5820,The Sentinel,7.754653,4/19/2006,60000000,108,5.8,237,77920346
FALSE,10749,14249,Revenge,5.542133,2/16/1990,0,123,6,92,15645616
FALSE,18,49471,Get on the Bus,1.808689,10/16/1996,2400000,120,7,11,5731103
FALSE,80,33916,Czech Dream,1.507158,3/30/2004,0,90,6.8,10,17393
FALSE,35,14013,BASEketball,8.370546,7/28/1998,0,103,5.9,161,7027290
FALSE,80,14125,Captivity,9.172897,3/9/2007,17000000,96,4.4,142,2626800
FALSE,35,55123,Tumbleweeds,1.960448,11/28/1999,312000,102,6.2,11,1281176
FALSE,18,44638,The Tempest,2.903024,12/10/2010,20000000,110,6,31,346594
FALSE,28,25769,Carriers,7.115038,9/4/2009,0,84,5.8,310,5802422
FALSE,35,15363,Something New,5.0352,1/29/2006,0,99,6.3,54,11400000
FALSE,80,819,Sleepers,9.454585,10/18/1996,44000000,147,7.3,796,165615285
FALSE,18,10264,Hamlet,8.931482,12/19/1990,0,130,6.7,104,20710451
FALSE,80,26719,House of Games,5.854592,10/11/1987,0,102,7,89,2585639
FALSE,18,4916,Guilty as Sin,2.578738,6/4/1993,0,107,5.8,25,22886222
FALSE,28,9545,Sniper,6.943533,1/29/1993,0,98,5.9,114,18994653
FALSE,10749,2075,Prizzi's Honor,6.417917,6/14/1985,0,124,6.6,84,26657534
FALSE,10752,22584,To Have and Have Not,8.469086,10/11/1944,0,100,7.6,119,3650000
FALSE,35,8780,Baby Mama,8.421967,4/23/2008,30000000,99,5.8,217,63833449
FALSE,18,473191,A Special Day,1.271829,8/5/2017,150000,90,0,0,60000
FALSE,18,5956,Joshua,5.950877,1/21/2007,0,105,5.8,82,719968
FALSE,9648,10185,The Midnight Meat Train,7.125517,8/7/2008,15000000,98,6,315,3533227
FALSE,28,9923,Domino,6.119905,9/22/2005,50000000,127,6,482,22944502
FALSE,80,118991,Keys to Tulsa,1.567632,4/11/1997,0,113,4.9,5,57252
FALSE,18,103299,Traces of Red,2.168115,11/13/1992,0,105,7.3,4,3206713
FALSE,37,10733,The Alamo,5.822449,4/7/2004,145000000,137,5.8,112,25819961
FALSE,35,355547,The Star,132.840168,11/15/2017,18000000,86,4.6,49,18633656
FALSE,18,47889,Ruby in Paradise,2.001286,10/8/1993,800000,114,5.6,10,1001437
FALSE,35,113178,A Wake in Providence,1.016695,1/1/1999,0,94,0,0,402805
FALSE,28,111,Scarface,11.748176,12/8/1983,25000000,170,8,3236,65884703
FALSE,18,11497,All Dogs Go to Heaven,8.41491,11/17/1989,13800000,89,6.3,265,27100027
FALSE,27,16288,Creepshow 2,6.800814,5/1/1987,3500000,92,5.9,136,14000000
FALSE,27,565,The Ring,13.432326,10/18/2002,48000000,115,6.5,1879,249348933
FALSE,80,41374,The First Power,1.62348,4/6/1990,10000000,98,4.7,15,22424195
FALSE,99,73981,Ayurveda: Art of Being,1.423224,9/20/2001,300000,101,5.5,3,2074000
FALSE,28,10366,Universal Soldier: The Return,7.546384,8/5/1999,45000000,82,4.2,142,10667893
FALSE,80,2360,Saving Grace,6.396923,1/24/2000,10000000,93,6.4,127,26330482
FALSE,28,326,Snakes on a Plane,9.241731,8/6/2006,33000000,105,5.1,541,62022014
FALSE,35,24115,How to Eat Fried Worms,5.485458,1/1/2006,0,98,5.2,23,13022756
FALSE,18,9566,The Fan,7.148061,8/15/1996,55000000,116,5.7,221,18626419
FALSE,12,978,Seven Years in Tibet,8.814996,9/12/1997,70000000,136,7,701,131457682
FALSE,28,15573,The Cowboys,4.365598,1/13/1972,6000000,131,7,60,7500000
FALSE,12,563,Starship Troopers,9.700677,11/6/1997,105000000,129,6.7,1662,121214377
FALSE,99,25099,"Fast, Cheap & Out of Control",1.9177,10/3/1997,0,83,8.3,8,832735
FALSE,18,1816,A Chorus Line,5.644194,12/10/1985,0,113,6.2,38,14202899
FALSE,35,139455,Silent Night,11.606735,11/30/2012,0,99,4.8,74,14567
FALSE,18,513,Fire,5.606651,9/6/1996,0,108,6.1,18,501533
FALSE,18,2324,Local Color,1.980025,9/19/2006,3250000,107,6.1,8,32788
FALSE,878,830,Forbidden Planet,8.655882,3/15/1956,1900000,98,7.3,252,3250000
FALSE,27,10160,A Nightmare on Elm Street 5: The Dream Child,12.528724,8/11/1989,8000000,89,5.4,278,22168359
FALSE,35,5966,Along Came Polly,8.018546,1/16/2004,42000000,90,5.8,854,171963386
FALSE,35,15566,Surviving Christmas,9.118496,9/21/2004,45000000,91,5.3,122,14793624
FALSE,35,12241,Curdled,4.468011,9/6/1996,2300000,88,6.2,29,49620
FALSE,18,43896,The Informer,2.560872,5/9/1935,243000,91,6.6,25,950000
FALSE,18,11706,War and Peace,4.583246,8/21/1956,6000000,208,6.8,51,12500000
FALSE,28,106546,Moscow Heat,1.746078,11/24/2004,0,89,1.3,3,1100000
FALSE,18,44308,A Price Above Rubies,1.603836,3/26/1998,0,117,5.9,6,1081957
FALSE,35,1824,50 First Dates,15.038775,2/13/2004,75000000,99,6.6,2321,196482882
FALSE,35,9714,Home Alone 3,15.04244,12/12/1997,32000000,102,5.1,706,79082515
FALSE,35,3050,Doctor Dolittle,9.71024,6/22/1998,71000000,85,5.3,791,294456605
FALSE,14,14191,Aquamarine,6.670269,3/3/2006,12000000,104,5.8,402,23006849
FALSE,35,46094,The Air Up There,4.256843,1/7/1994,17080000,107,5,43,21011500
FALSE,28,15895,Deathstalker,3.364119,9/2/1983,0,80,4.2,26,8890685
FALSE,878,1724,The Incredible Hulk,21.354119,6/12/2008,150000000,114,6.1,3339,163712074
FALSE,18,1713,Jungle Fever,5.933296,6/7/1991,14000000,132,6,76,32482682
FALSE,28,744,Top Gun,11.389584,5/16/1986,15000000,110,6.7,1866,356830601
FALSE,18,89139,Angel Town,1.837577,2/23/1990,855,102,6.3,7,855810
FALSE,18,46460,Wanda Nevada,2.464653,6/1/1979,0,107,6.5,9,2411145
FALSE,18,120694,Festival in Cannes,1.063571,11/3/2001,0,100,0,0,299171
FALSE,80,241,Natural Born Killers,10.145916,8/25/1994,34000000,119,6.9,997,50282766
FALSE,18,41823,Mo' Better Blues,5.428384,8/3/1990,10000000,129,6.2,55,16153593
FALSE,28,10874,Muppet Treasure Island,6.441009,2/16/1996,0,100,6.5,96,34327391
FALSE,35,37536,Ringmaster,1.669077,11/25/1998,3500000,90,3.8,13,9247881
FALSE,35,13092,How to Lose Friends & Alienate People,8.600031,10/2/2008,27000000,110,6.2,263,17286299
FALSE,14,31281,Ghosts Can't Do It,2.313746,1/1/1989,0,90,2.8,4,25000
FALSE,35,53287,The Super,3.323236,10/4/1991,22000000,84,5.6,24,11000863
FALSE,10751,8871,How the Grinch Stole Christmas,32.476568,11/17/2000,123000000,104,6.2,1629,345141403
FALSE,18,10190,Towelhead,4.406225,9/12/2008,0,111,6.5,47,367638
FALSE,28,28110,Dillinger,4.075799,7/20/1973,1000000,107,6.7,25,2000000
FALSE,53,9280,Femme Fatale,7.67257,11/6/2002,35000000,114,6.2,146,16838910
FALSE,28,10890,Stripes,8.57668,6/25/1981,10000000,106,6.5,262,85300000
FALSE,14,2612,Mr. Destiny,5.123685,10/12/1990,20000000,110,6.1,61,15379253
FALSE,37,158916,Sweetwater,6.978516,1/24/2013,7000000,95,6,72,6147
FALSE,28,8963,Crimson Tide,7.930306,5/12/1995,53000000,116,7,537,157387195
FALSE,27,805,Rosemary's Baby,8.004037,6/12/1968,3200000,136,7.6,972,33395426
FALSE,35,12779,Swept Away,4.604639,10/11/2002,10000000,89,4.8,60,598645
FALSE,28,10723,Bulletproof,8.615565,9/6/1996,25000000,84,5.4,169,22611954
FALSE,10749,39479,Love Crimes,1.795327,1/24/1992,0,90,4.5,5,2387928
FALSE,28,9989,Antitrust,5.567705,1/12/2001,30000000,108,5.9,165,18195610
FALSE,35,1594,A Shot in the Dark,8.80135,6/23/1964,0,102,7.3,124,12368234
FALSE,16,10865,Atlantis: The Lost Empire,11.233462,6/2/2001,120000000,95,6.7,1359,186053725
FALSE,53,10577,Dracula 2000,6.463848,12/22/2000,28000000,99,4.7,162,33000337
FALSE,35,57431,The Sitter,11.951697,12/9/2011,25000000,81,5.4,338,34942188
FALSE,14,282035,The Mummy,18.212849,6/6/2017,125000000,110,5.4,2491,407778013
FALSE,18,35080,The Cat's Meow,2.969486,8/3/2001,7000000,114,6,33,3646994
FALSE,53,1359,American Psycho,10.81995,4/13/2000,7000000,102,7.3,2327,34266564
FALSE,18,14634,The Stone Angel,1.886777,9/12/2007,0,116,5.6,8,473993
FALSE,35,46336,Four Eyed Monsters,1.567206,1/21/2005,250000,71,6,10,245000
FALSE,35,38357,Morning Glory,9.199898,1/12/2010,40000000,102,6.2,446,58785180
FALSE,99,10946,Earth,5.667415,4/22/2007,15000000,90,7.5,144,109000000
FALSE,28,9567,Tears of the Sun,8.894618,3/7/2003,70000000,121,6.5,619,85632458
FALSE,10751,63459,Funky Monkey,1.789384,8/4/2004,0,94,4.3,6,30000000
FALSE,28,17108,Kung Fu Dunk,4.87721,2/7/2008,10000000,100,5,52,22896728
FALSE,28,9717,Shoot to Kill,5.111166,2/12/1988,0,109,6.8,48,29300000
FALSE,12,10601,Peter Pan,11.959366,12/25/2003,100000000,113,6.9,729,121975011
FALSE,18,67307,The Big Town,1.775862,9/25/1987,0,109,5.9,9,1700000
FALSE,35,16888,The Ladies Man,3.439149,10/13/2000,24000000,84,5.6,37,13700000
FALSE,35,3080,Top Hat,4.604253,9/6/1935,609000,101,7.4,69,3202000
FALSE,9648,12238,The Night Flier,5.732381,4/30/1997,1000000,93,5.8,67,91549
FALSE,10749,544,There's Something About Mary,10.122753,7/15/1998,23000000,119,6.5,1731,369884651
FALSE,18,18925,Facing the Giants,4.587476,9/29/2006,100000,111,6.5,66,10178331
FALSE,35,9994,The Great Mouse Detective,7.421249,7/2/1986,14000000,74,6.9,379,38625550
FALSE,18,996,Double Indemnity,8.256364,4/24/1944,927262,107,8,457,2500000
FALSE,18,13842,Broken Bridges,1.90663,9/8/2006,0,105,4.3,6,251775
FALSE,18,9364,Wuthering Heights,5.7247,9/5/2011,8000000,129,6,78,100915
FALSE,35,40973,Myra Breckinridge,2.462324,6/24/1970,5000000,94,4.8,9,3000000
FALSE,14,16321,Zu Warriors,2.992644,8/9/2001,0,104,5.2,13,35000000
FALSE,16,9297,Monster House,6.831145,7/21/2006,75000000,91,6.4,1008,140175006
FALSE,12,267935,The BFG,28.01442,6/1/2016,140000000,120,6.1,1112,183345589
FALSE,878,1272,Sunshine,11.406219,4/5/2007,50000000,107,6.9,1270,32017803
FALSE,18,65086,The Woman in Black,10.002971,2/1/2012,17000000,95,6.1,1323,127730736
FALSE,28,17585,Surviving the Game,3.965634,4/15/1994,7400000,96,6.1,58,7690013
FALSE,27,1970,The Grudge,10.877104,10/22/2004,10000000,92,5.8,959,183474602
FALSE,35,9087,The American President,6.948206,11/17/1995,62000000,106,6.6,208,107879496
FALSE,12,11619,Flushed Away,9.548275,10/22/2006,149000000,85,6,990,64459316
FALSE,28,9679,Gone in Sixty Seconds,6.830575,6/9/2000,90000000,118,6.1,1593,237202299
FALSE,80,81048,Running Time,1.833887,12/18/1997,130000,70,6.1,7,1596
FALSE,10749,41280,Private Lessons,7.641996,8/21/1981,2800000,87,6.3,23,26279000
FALSE,18,2355,Reign Over Me,7.407853,3/23/2007,20000000,124,7.1,368,22222308
FALSE,18,25511,London Dreams,1.227081,10/30/2009,0,151,5.3,4,9500000
FALSE,80,242,The Godfather: Part III,16.577871,12/24/1990,54000000,162,7.1,1722,136766062
FALSE,12,47890,Sphinx,1.693578,2/11/1981,14000000,118,5.7,3,439564
FALSE,80,8923,Green Street Hooligans,7.677648,9/9/2005,0,109,7.1,703,3154346
FALSE,12,9550,House of Flying Daggers,9.918439,5/19/2004,0,119,7.1,478,92863945
FALSE,18,36094,Stanley & Iris,2.72903,2/9/1990,23000000,104,5.9,28,5820015
FALSE,12,652,Troy,13.54546,5/13/2004,175000000,163,6.9,3097,497409852
FALSE,35,52936,In the Soup,2.519938,10/23/1992,0,93,6,11,256249
FALSE,14,8840,DragonHeart,10.371524,5/31/1996,57000000,103,6.4,599,115267375
FALSE,18,38684,Jane Eyre,6.145302,3/11/2011,0,120,7,469,34710627
FALSE,35,13477,When in Rome,10.602003,1/29/2010,0,91,5.7,408,36699403
FALSE,35,9582,A Guy Thing,9.358907,1/17/2003,20000000,101,5.3,90,17432163
FALSE,18,5488,"I'm a Cyborg, But That's OK",6.04886,12/7/2006,0,105,7.1,131,4354510
FALSE,35,9089,Home for the Holidays,5.432424,11/2/1995,0,103,6.3,42,17519169
FALSE,18,10264,Hamlet,8.931482,12/19/1990,0,130,6.7,104,20710451
FALSE,35,10013,Peggy Sue Got Married,8.863233,10/5/1986,18000000,103,5.9,147,41382841
FALSE,28,10074,Hot Rod,7.68413,8/3/2007,0,88,6.3,329,14334401
FALSE,35,10644,The Unbearable Lightness of Being,7.165107,2/5/1988,17000000,171,7.1,99,10006806
FALSE,28,5820,The Sentinel,7.754653,4/19/2006,60000000,108,5.8,237,77920346
FALSE,28,2048,"I, Robot",13.687715,7/15/2004,120000000,115,6.7,4175,347234916
FALSE,27,12526,Bug,6.618154,5/19/2006,4000000,102,6,174,8059140
FALSE,27,9656,Black Christmas,7.549217,12/25/2006,9000000,84,4.8,127,21510851
FALSE,14,577,To Die For,7.066698,5/20/1995,20000000,106,6.7,193,21284514
FALSE,10751,13766,SpaceCamp,5.559044,6/6/1986,18000000,107,5.8,64,9697739
FALSE,12,183,The Wizard,5.896752,12/15/1989,6000000,100,6.1,86,14278900
FALSE,18,37636,High Art,3.615745,6/12/1998,0,101,6.4,34,1929168
FALSE,35,24405,Chasers,5.534132,4/22/1994,0,102,4.8,27,1596687
FALSE,28,11375,Hollywood Homicide,7.480679,6/9/2003,75000000,116,5,183,51142659
FALSE,18,41965,Paperhouse,4.030393,1/1/1988,0,92,6.7,39,241
FALSE,35,15402,The Notorious Bettie Page,4.738698,9/14/2005,0,91,6.5,47,1410778
FALSE,35,382270,Closure,1.00831,6/12/2012,150,72,0,0,500
FALSE,28,1712,Giant,6.509547,10/10/1956,5400000,201,7.5,182,35000000
FALSE,27,11033,Dressed to Kill,7.032084,6/25/1980,6500000,105,6.8,172,31899000
FALSE,35,31503,My Boyfriend's Back,2.843019,8/6/1993,0,85,5.3,23,3335984
FALSE,18,14635,The Rookie,8.7278,3/25/2002,20000000,127,6.5,120,75597042
FALSE,18,2253,Valkyrie,9.659701,12/25/2008,75000000,121,6.7,1277,200276000
FALSE,28,7227,Airport '77,4.82259,3/11/1977,6000000,114,5.9,75,30000000
FALSE,35,9037,Grease 2,6.828925,6/11/1982,13200000,115,4.9,198,15171476
FALSE,28,72710,The Host,12.082363,3/22/2013,44000000,125,6,1936,63327201
FALSE,18,88036,Sparkle,4.072332,8/17/2012,14000000,116,5.8,38,24637469
FALSE,18,12628,Playing God,3.426904,10/17/1997,12000000,94,5.5,26,4000000
FALSE,28,9103,The Quest,5.646706,4/19/1996,30000000,95,5.3,135,57400547
FALSE,18,13435,Antwone Fisher,7.0145,12/19/2002,12500000,120,6.7,149,23367586
FALSE,14,11428,Sleepwalkers,7.090693,4/10/1992,0,91,4.9,105,30524763
FALSE,35,7211,Dan in Real Life,7.7517,10/26/2007,25000000,98,6.6,387,68377859
FALSE,80,10427,Red Rock West,5.060453,7/8/1993,8000000,98,6.4,74,2000000
FALSE,28,240832,Lucy,48.800106,7/14/2014,40000000,89,6.2,6500,126546825
FALSE,18,11321,Seven Pounds,7.81375,12/18/2008,55000000,123,7.5,2273,168167691
FALSE,35,13665,Arthur,7.789407,7/17/1981,7000000,97,6.5,135,95461682
FALSE,27,948,Halloween,11.949158,10/24/1978,325000,91,7.4,1192,70000000
FALSE,18,17707,Brokedown Palace,9.536457,8/13/1999,25000000,100,6.3,121,13000000
FALSE,28,9425,Soldier,7.175263,10/23/1998,75000000,99,6,234,14567883
FALSE,35,34086,Spaced Invaders,3.173724,4/27/1990,3000000,100,4.7,29,15369573
FALSE,53,10909,Kalifornia,6.426634,9/1/1993,9000000,117,6.5,224,2395231
FALSE,10749,16295,Higher Learning,4.783932,1/11/1995,0,127,6.4,53,38290723
FALSE,35,13698,Gung Ho,5.346699,3/13/1986,0,111,6.2,50,36611610
FALSE,12,12335,Bedknobs and Broomsticks,7.699235,10/7/1971,20000000,117,6.8,282,17900000
FALSE,35,12572,"New York, I Love You",7.024174,9/6/2008,14700000,103,5.8,183,8049666
FALSE,18,17917,Oliver!,9.934193,9/26/1968,10000000,153,7,112,37402877
FALSE,18,35119,A Cry in the Dark,3.848367,11/11/1988,15000000,120,6.5,50,6908797
FALSE,28,7305,Alive,7.210233,1/15/1993,32000000,120,6.7,412,36733909
FALSE,28,6519,The Dukes of Hazzard,11.685344,8/5/2005,50000000,104,5.1,348,110803676
FALSE,28,11951,Vanishing Point,6.67434,1/15/1971,1300000,99,7.2,117,72266306
FALSE,16,425,Ice Age,20.546289,3/10/2002,59000000,81,7.1,4277,383257136
FALSE,12,8592,Dick Tracy,5.674841,6/15/1990,47000000,103,6,275,103738726
FALSE,18,3116,Midnight Cowboy,9.052681,5/25/1969,3600000,113,7.5,333,44785053
FALSE,35,10078,Magicians,6.355778,5/18/2007,0,90,6.2,25,1752038
FALSE,18,67307,The Big Town,1.775862,9/25/1987,0,109,5.9,9,1700000
FALSE,99,24582,Manufactured Landscapes,2.592172,9/9/2006,0,90,7.3,15,240239
FALSE,35,2039,Moonstruck,8.996911,12/18/1987,0,102,6.7,195,80640528
FALSE,35,11356,The Odd Couple,5.789312,2/7/1968,0,106,7.5,127,44527234
FALSE,28,13191,"War, Inc.",6.592585,4/28/2008,5000000,106,5.6,89,1296184
FALSE,28,9383,Hollow Man,9.739024,8/4/2000,95000000,112,5.6,694,190213455
FALSE,18,22267,Ride with the Devil,5.713073,11/24/1999,38000000,138,6.6,51,635096
FALSE,27,11284,Freddy's Dead: The Final Nightmare,10.483103,9/5/1991,11000000,89,5.1,304,34872033
FALSE,37,9023,Spirit: Stallion of the Cimarron,8.967454,5/24/2002,80000000,83,7.4,981,122563539
FALSE,16,17979,A Christmas Carol,13.718141,11/4/2009,200000000,96,6.6,1259,325233863
FALSE,18,33142,Vivah,2.62818,11/10/2006,10,162,6.5,26,4000000
FALSE,35,512,Scoop,6.683785,7/27/2006,4000000,96,6.4,467,31584901
FALSE,35,11431,Fever Pitch,6.876429,4/6/2005,30000000,103,5.8,196,50451307
FALSE,18,266030,Party Girl,2.164918,8/27/2014,0,95,6.9,14,472370
FALSE,27,694,The Shining,28.248754,5/22/1980,19000000,144,8.1,4344,44017374
FALSE,18,2998,Zabriskie Point,5.529823,2/9/1970,7000000,113,7.1,89,1000000
FALSE,28,9509,Man on Fire,9.562333,4/23/2004,70000000,146,7.3,1664,130293714
FALSE,28,225574,Non-Stop,21.093057,1/26/2014,50000000,106,6.8,2397,222809600
FALSE,18,38557,The River,5.332731,12/1/1984,18000000,122,6.5,21,11500000
FALSE,18,72277,The Last Wave,2.811122,1/1/1977,810000,106,6.9,40,1258000
FALSE,18,873,The Color Purple,11.680162,12/18/1985,15000000,154,7.7,379,146292009
FALSE,99,50062,The Ground Truth,1.004528,9/15/2006,500000,72,0,0,12207
FALSE,18,2266,"Paris, je t'aime",10.090438,5/16/2006,13000000,120,6.8,227,4857367
FALSE,80,18588,52 Pick-Up,3.50913,11/7/1986,0,110,5.8,24,5186646
FALSE,14,24795,Angels in the Outfield,6.035827,7/15/1994,0,102,5.8,130,50236831
FALSE,35,455,Bend It Like Beckham,6.542885,4/11/2002,3500159,112,6.2,650,76578641
FALSE,12,9487,A Bug's Life,13.314047,11/25/1998,120000000,95,6.8,2596,363258859
FALSE,18,59210,The Mother,3.30939,1/1/2003,2500000,112,6.3,19,1062253
FALSE,28,9350,Cliffhanger,9.355405,5/28/1993,70000000,112,6.1,647,255000211
FALSE,27,24331,Scanners II: The New Order,2.665752,6/28/1991,0,104,4.6,22,14225876
FALSE,28,9515,The Matador,6.818872,5/12/2005,10000000,96,6.2,145,17297244
FALSE,18,13763,Purple Rain,5.849371,7/27/1984,7200000,111,6.7,99,68392977
FALSE,27,13788,The Unborn,7.376899,1/9/2009,16000000,87,4.9,401,76514050
FALSE,18,8913,Pet Sematary,8.132245,4/21/1989,11500000,103,6.4,445,57469467
FALSE,18,1903,Vanilla Sky,7.073076,12/10/2001,68000000,136,6.5,1182,203388341
FALSE,53,44326,Extremities,2.934475,8/22/1986,0,89,6,13,13418091
FALSE,28,15749,While She Was Out,5.158581,10/27/2008,6000000,108,4.8,38,391410
FALSE,80,7972,Before the Devil Knows You're Dead,7.601975,9/26/2007,18000000,117,6.9,397,25005257
FALSE,18,76,Before Sunrise,9.483201,1/27/1995,2500000,105,7.7,1056,5535405
FALSE,10749,10288,Fido,6.274175,9/7/2006,8000000,91,6.6,143,426224
FALSE,10749,150689,Cinderella,17.853442,3/12/2015,95000000,105,6.7,2580,543514353
FALSE,99,1843,Dig!,2.371056,5/14/2004,0,107,7.2,20,127067
FALSE,28,10544,Ned Kelly,6.985726,3/22/2003,0,110,6.1,123,6585516
FALSE,53,4147,Road to Perdition,8.393301,7/12/2002,80000000,117,7.3,1177,181001478
FALSE,80,48309,Prison,2.590663,3/4/1988,1300000,102,6.7,27,354704
FALSE,16,15035,Fire and Ice,5.788546,3/25/1983,1200000,81,6.4,40,760883
FALSE,18,32020,Foxes,3.937096,2/29/1980,0,106,5.6,25,4400000
FALSE,80,3093,Basic Instinct 2,7.543018,3/29/2006,70000000,114,4.6,193,38629478
FALSE,10749,26561,Enchanted April,3.289453,11/6/1991,0,89,6.9,25,13200170
FALSE,12,2270,Stardust,10.874204,8/9/2007,70000000,127,7.2,1324,135560026
FALSE,14,10253,Dragon Wars: D-War,6.026141,2/8/2007,70000000,90,4,106,53587404
FALSE,18,1816,A Chorus Line,5.644194,12/10/1985,0,113,6.2,38,14202899
FALSE,35,392,Chocolat,8.141895,12/14/2000,25000000,121,6.8,1057,152500343
FALSE,28,744,Top Gun,11.389584,5/16/1986,15000000,110,6.7,1866,356830601
FALSE,18,2769,An American in Paris,9.844808,8/8/1951,2723903,113,6.9,140,4500000
FALSE,35,16888,The Ladies Man,3.439149,10/13/2000,24000000,84,5.6,37,13700000
FALSE,18,597,Titanic,28.549703,11/18/1997,200000000,194,7.6,8385,1845034188
FALSE,12,11780,Rob Roy,10.13323,4/13/1995,28000000,139,6.5,165,31596911
FALSE,35,25562,Soapdish,5.53352,5/31/1991,0,97,6,64,36489888
FALSE,18,10669,Deliverance,6.615942,7/30/1972,2000000,109,7.3,468,46122355
FALSE,18,11978,Men of Honor,8.448912,9/13/2000,82343495,129,7,588,48814909
FALSE,14,310,Bruce Almighty,9.867555,5/23/2003,80000000,101,6.5,3404,484572835
FALSE,35,3573,Emma,5.703418,8/2/1996,6000000,121,6.7,165,22231658
FALSE,12,9824,Mystery Men,6.024557,8/6/1999,68000000,121,5.7,261,29762011
FALSE,14,4474,My Super Ex-Girlfriend,5.920199,6/20/2006,0,95,4.8,483,60896147
FALSE,27,25438,Trick or Treat,4.018731,10/24/1986,0,98,5.5,42,6797218
FALSE,28,2503,The Bourne Ultimatum,13.437615,8/3/2007,70000000,115,7.3,3063,442824138
FALSE,35,3573,Emma,5.703418,8/2/1996,6000000,121,6.7,165,22231658
FALSE,18,17474,The Man in the Moon,6.81291,9/30/1991,0,99,7,57,2853801
FALSE,18,12149,Frailty,7.203402,11/17/2001,11000000,100,6.9,356,13110448
FALSE,10749,150689,Cinderella,17.853442,3/12/2015,95000000,105,6.7,2580,543514353
FALSE,28,657,From Russia with Love,12.984042,10/11/1963,2000000,115,7,831,78898765
FALSE,28,10136,The Golden Child,7.466484,12/12/1986,25000000,94,5.6,323,79817939
FALSE,18,10264,Hamlet,8.931482,12/19/1990,0,130,6.7,104,20710451
FALSE,9648,12101,Soylent Green,6.21732,4/19/1973,0,97,6.8,323,3600000
FALSE,27,9599,The Blob,9.407336,8/5/1988,19000000,95,6.4,204,8247943
FALSE,28,865,The Running Man,8.224018,11/13/1987,27000000,101,6.4,748,38122105
FALSE,28,9389,Renaissance,7.174543,3/16/2006,18000000,105,6.7,84,1831348
FALSE,28,10083,No Way Out,6.730208,8/14/1987,15000000,114,6.9,169,35509515
FALSE,35,2357,10 Items or Less,7.245501,9/11/2006,0,81,6.5,51,580527
FALSE,16,18890,We're Back! A Dinosaur's Story,6.838758,11/24/1993,0,72,5.7,119,9317021
FALSE,18,25461,Raising Victor Vargas,7.627181,5/16/2002,800000,88,7.7,17,2816116
FALSE,28,5820,The Sentinel,7.754653,4/19/2006,60000000,108,5.8,237,77920346
FALSE,35,14013,BASEketball,8.370546,7/28/1998,0,103,5.9,161,7027290
FALSE,80,26719,House of Games,5.854592,10/11/1987,0,102,7,89,2585639
FALSE,28,9545,Sniper,6.943533,1/29/1993,0,98,5.9,114,18994653
FALSE,18,473191,A Special Day,1.271829,8/5/2017,150000,90,0,0,60000
FALSE,28,9923,Domino,6.119905,9/22/2005,50000000,127,6,482,22944502
FALSE,18,103299,Traces of Red,2.168115,11/13/1992,0,105,7.3,4,3206713
FALSE,18,47889,Ruby in Paradise,2.001286,10/8/1993,800000,114,5.6,10,1001437
FALSE,28,111,Scarface,11.748176,12/8/1983,25000000,170,8,3236,65884703
FALSE,18,11497,All Dogs Go to Heaven,8.41491,11/17/1989,13800000,89,6.3,265,27100027
FALSE,27,565,The Ring,13.432326,10/18/2002,48000000,115,6.5,1879,249348933
FALSE,878,63,Twelve Monkeys,9.625594,12/29/1995,29500000,129,7.4,2661,168840000
FALSE,80,2360,Saving Grace,6.396923,1/24/2000,10000000,93,6.4,127,26330482
FALSE,35,10481,102 Dalmatians,7.087468,10/7/2000,85000000,100,5.1,352,183611771
FALSE,35,24115,How to Eat Fried Worms,5.485458,1/1/2006,0,98,5.2,23,13022756
FALSE,12,563,Starship Troopers,9.700677,11/6/1997,105000000,129,6.7,1662,121214377
FALSE,878,830,Forbidden Planet,8.655882,3/15/1956,1900000,98,7.3,252,3250000
FALSE,35,15566,Surviving Christmas,9.118496,9/21/2004,45000000,91,5.3,122,14793624
FALSE,18,43896,The Informer,2.560872,5/9/1935,243000,91,6.6,25,950000
FALSE,99,291,Riding Giants,2.500612,7/9/2004,2600000,105,7.4,25,3166000
FALSE,35,37536,Ringmaster,1.669077,11/25/1998,3500000,90,3.8,13,9247881
FALSE,35,13092,How to Lose Friends & Alienate People,8.600031,10/2/2008,27000000,110,6.2,263,17286299
FALSE,14,31281,Ghosts Can't Do It,2.313746,1/1/1989,0,90,2.8,4,25000
FALSE,10751,8871,How the Grinch Stole Christmas,32.476568,11/17/2000,123000000,104,6.2,1629,345141403
FALSE,18,198727,Pinjar,1.714732,10/22/2003,0,188,7.3,4,770000
FALSE,14,2612,Mr. Destiny,5.123685,10/12/1990,20000000,110,6.1,61,15379253
FALSE,10749,1389,Out of Sight,7.620994,6/26/1998,48000000,123,6.5,356,77745568
FALSE,28,10723,Bulletproof,8.615565,9/6/1996,25000000,84,5.4,169,22611954
FALSE,10749,39479,Love Crimes,1.795327,1/24/1992,0,90,4.5,5,2387928
FALSE,28,10650,Sudden Impact,8.498479,12/7/1983,22000000,117,6.6,225,67642693
FALSE,16,10865,Atlantis: The Lost Empire,11.233462,6/2/2001,120000000,95,6.7,1359,186053725
FALSE,80,18900,In Cold Blood,6.091175,12/14/1967,3500000,134,7.5,92,13007551
FALSE,35,57431,The Sitter,11.951697,12/9/2011,25000000,81,5.4,338,34942188
FALSE,18,14634,The Stone Angel,1.886777,9/12/2007,0,116,5.6,8,473993
FALSE,18,4380,Shall We Dance?,8.556636,10/15/2004,50000000,107,5.9,329,170128460
FALSE,35,38357,Morning Glory,9.199898,1/12/2010,40000000,102,6.2,446,58785180
FALSE,99,10946,Earth,5.667415,4/22/2007,15000000,90,7.5,144,109000000
FALSE,28,17108,Kung Fu Dunk,4.87721,2/7/2008,10000000,100,5,52,22896728
FALSE,28,417859,Puss in Boots,8.241893,10/28/2011,130000000,90,6.4,565,554987477
FALSE,18,293,A River Runs Through It,9.383502,10/9/1992,0,123,7,261,43440294
FALSE,14,16321,Zu Warriors,2.992644,8/9/2001,0,104,5.2,13,35000000
FALSE,18,65086,The Woman in Black,10.002971,2/1/2012,17000000,95,6.1,1323,127730736
FALSE,27,1970,The Grudge,10.877104,10/22/2004,10000000,92,5.8,959,183474602
FALSE,27,11033,Dressed to Kill,7.032084,6/25/1980,6500000,105,6.8,172,31899000
FALSE,28,8285,The Spirit,7.899919,12/25/2008,60000000,103,4.7,340,39031337
FALSE,28,9679,Gone in Sixty Seconds,6.830575,6/9/2000,90000000,118,6.1,1593,237202299
FALSE,18,2355,Reign Over Me,7.407853,3/23/2007,20000000,124,7.1,368,22222308
FALSE,18,36094,Stanley & Iris,2.72903,2/9/1990,23000000,104,5.9,28,5820015
FALSE,35,13477,When in Rome,10.602003,1/29/2010,0,91,5.7,408,36699403
FALSE,35,9582,A Guy Thing,9.358907,1/17/2003,20000000,101,5.3,90,17432163
FALSE,28,5820,The Sentinel,7.754653,4/19/2006,60000000,108,5.8,237,77920346
FALSE,27,12526,Bug,6.618154,5/19/2006,4000000,102,6,174,8059140
FALSE,27,11460,Red Eye,6.991706,8/4/2005,26000000,85,6.2,512,57891803
FALSE,14,577,To Die For,7.066698,5/20/1995,20000000,106,6.7,193,21284514
FALSE,10751,13766,SpaceCamp,5.559044,6/6/1986,18000000,107,5.8,64,9697739
FALSE,18,18320,The Young Victoria,9.254815,3/4/2009,35000000,105,7.1,354,27409889
FALSE,35,24405,Chasers,5.534132,4/22/1994,0,102,4.8,27,1596687
FALSE,18,41965,Paperhouse,4.030393,1/1/1988,0,92,6.7,39,241
FALSE,35,15402,The Notorious Bettie Page,4.738698,9/14/2005,0,91,6.5,47,1410778
FALSE,18,14635,The Rookie,8.7278,3/25/2002,20000000,127,6.5,120,75597042
FALSE,28,123770,The Last of the Finest,2.082822,3/9/1990,12000000,106,5.4,5,1531489
FALSE,18,88036,Sparkle,4.072332,8/17/2012,14000000,116,5.8,38,24637469
FALSE,18,399019,The Beguiled,23.641745,6/23/2017,10500000,93,5.8,439,25442939
FALSE,27,9102,Screamers,6.484106,9/8/1995,20000000,108,6.1,158,5781885
FALSE,18,2024,The Patriot,9.704977,6/28/2000,110000000,165,6.8,1218,215294342
FALSE,18,843,In the Mood for Love,7.135663,5/22/2000,0,98,7.9,420,12854953
FALSE,18,7979,The Kite Runner,5.26356,10/14/2007,20000000,128,7.3,435,73276047
FALSE,18,14326,Nights in Rodanthe,6.280024,9/26/2008,0,97,5.9,168,84375061
FALSE,28,65137,Father Hood,3.273934,8/27/1993,0,95,5.5,21,3418141
FALSE,80,10145,The Forgotten,6.997902,9/24/2004,42000000,91,5.5,378,117575636
FALSE,80,11412,The Long Kiss Goodnight,8.831809,10/11/1996,65000000,120,6.5,348,89456761
FALSE,53,2787,Pitch Black,6.540455,2/18/2000,23000000,108,6.7,1903,53187659
FALSE,18,15708,Latter Days,5.572361,7/10/2003,850000,107,6.8,60,819939
FALSE,35,914,The Great Dictator,8.634475,10/15/1940,2000000,125,8.2,817,11000000
FALSE,10749,11355,Never Been Kissed,6.833089,4/9/1999,25000000,107,5.8,416,84565230
FALSE,35,2321,Married to the Mob,7.053869,8/19/1988,10000000,104,5.8,70,21486757
FALSE,18,513,Fire,5.606651,9/6/1996,0,108,6.1,18,501533
FALSE,53,163,Ocean's Twelve,10.471163,12/9/2004,110000000,125,6.4,2302,362744280
FALSE,80,11892,Murder by Numbers,6.532055,4/19/2002,50000000,120,6,293,56714147
FALSE,35,10098,The Kid,8.664336,1/21/1921,250000,68,8,442,2500000
FALSE,28,10935,Heaven's Gate,5.605033,11/19/1980,44000000,219,6.6,62,3484331
FALSE,35,18722,Mr. Baseball,3.27487,10/1/1992,0,108,5.8,39,20000000
FALSE,10402,12508,Rock Star,6.934219,9/4/2001,57000000,105,6,202,16991902
FALSE,18,167,K-PAX,8.898945,10/22/2001,48000000,120,7.2,773,50315140
FALSE,18,1791,The Piano Teacher,7.252297,5/14/2001,3000000,131,7.2,210,9801375
FALSE,35,26827,Who's That Girl,5.394197,8/7/1987,0,92,5.1,53,7305209
FALSE,27,27791,Strangeland,3.236562,10/2/1998,1100000,86,4.7,36,631221
FALSE,18,10132,Talk Radio,6.11315,12/21/1988,4000000,110,6.6,49,3468572
FALSE,18,11979,Queen of the Damned,6.218571,2/10/2002,35000000,101,5.5,263,45479110
FALSE,18,13885,Sweeney Todd: The Demon Barber of Fleet Street,9.901373,12/20/2007,50000000,116,7,1892,152000000
FALSE,10749,2621,Return to Me,5.911647,4/7/2000,24000000,115,6.1,72,36609995
FALSE,12,11002,"Greystoke: The Legend of Tarzan, Lord of the Apes",6.075528,3/30/1984,0,143,6,118,45858563
FALSE,9648,18777,Slow Burn,2.440269,9/12/2005,15500000,93,5.5,16,1237615
FALSE,35,9788,Accepted,7.269129,8/18/2006,23000000,93,6.2,438,38505009
FALSE,18,7874,Black Snake Moan,6.746003,12/8/2006,15000000,116,6.6,259,10903846
FALSE,12,36670,Never Say Never Again,11.885624,10/7/1983,36000000,134,5.8,367,160000000
FALSE,18,409,The English Patient,6.903152,11/14/1996,27000000,162,7,598,231976425
FALSE,35,2179,Tenacious D in The Pick of Destiny,6.583977,11/22/2006,22000000,93,6.6,453,13405595
FALSE,10749,256591,Focus,10.672398,2/25/2015,50100000,105,6.7,2737,153962963
FALSE,18,157847,Joe,11.058725,4/11/2014,4000000,118,6.5,362,2365467
FALSE,18,887,The Best Years of Our Lives,6.806194,12/25/1946,2100000,172,7.6,155,23650000
FALSE,18,5125,Rendition,8.82011,9/7/2007,27500000,120,6.3,223,24748670
FALSE,35,12626,Broadcast News,7.31389,12/16/1987,20000000,133,6.8,107,51249404
FALSE,27,36647,Blade,11.234773,8/21/1998,45000000,120,6.5,2061,131183530
FALSE,18,21349,Anywhere But Here,5.317399,11/12/1999,23000000,114,5.9,69,18653615
FALSE,28,4643,The Guardian,8.321034,9/28/2006,70000000,139,6.8,420,55011732
FALSE,28,12094,Jackass Number Two,6.387799,9/22/2006,11000000,95,6.4,327,72778712
FALSE,27,10053,When a Stranger Calls,6.904156,2/3/2006,15000000,87,5.4,299,66966987
FALSE,28,1946,eXistenZ,7.818891,4/14/1999,15000000,97,6.7,525,2856712
FALSE,18,11632,Vanity Fair,5.352637,9/1/2004,23000000,141,5.5,81,16123851
FALSE,35,918,Blind Date,6.864958,3/27/1987,18000000,95,5.6,122,39321715
FALSE,80,845,Strangers on a Train,7.228275,6/18/1951,1200000,101,7.6,405,7000000
FALSE,18,20763,Radio Flyer,5.499585,2/21/1992,35000000,114,6.7,57,4651977
FALSE,36,225728,Macbeth,8.560664,8/16/2015,15000000,113,6.5,533,12601706
FALSE,35,73247,Heartbeeps,4.005515,12/18/1981,10000000,79,3.6,7,2154696
FALSE,27,9406,An American Werewolf in Paris,8.259233,12/25/1997,22000000,105,5.2,161,26570463
FALSE,28,5851,Showtime,7.293304,3/14/2002,85000000,95,5.3,301,77741732
FALSE,12,11231,The Next Karate Kid,6.470171,7/18/1994,12000000,107,4.8,219,15826984
FALSE,18,28,Apocalypse Now,16.393904,8/15/1979,31500000,153,8.1,2294,89460381
FALSE,28,20481,Nightbreed,6.029138,2/16/1990,11000000,102,6.4,109,8862354
FALSE,12,36355,Flipper,6.39539,5/17/1996,25530000,95,5.3,88,20080020
FALSE,878,3604,Flash Gordon,7.437376,9/1/1980,35000000,111,6.1,251,27107960
FALSE,35,35711,Cooley High,2.766022,6/25/1975,750000,107,7.3,18,13000000
FALSE,35,692,Pink Flamingos,4.988624,3/12/1972,12000,93,6.2,121,6000000
FALSE,18,12102,Kramer vs. Kramer,7.151923,12/18/1979,8000000,105,7.4,521,106260000
FALSE,28,9654,The Italian Job,10.101015,5/30/2003,60000000,110,6.6,2067,176070171
FALSE,18,687,Dead Man Walking,6.78208,12/29/1995,11000000,122,7.3,381,39363635
FALSE,35,47881,My Giant,4.147914,4/10/1998,0,103,5.1,34,7985929
FALSE,36,2289,Cold Mountain,8.101738,12/24/2003,79000000,154,6.8,578,173013509
FALSE,80,173689,Lights of New York,1.392344,7/18/1928,75000,57,5.7,3,1200000
FALSE,80,1642,The Net,9.483887,7/28/1995,22000000,114,5.7,381,110627965
FALSE,12,574,The Man Who Knew Too Much,8.700547,6/1/1956,2500000,120,7.3,298,10250000
FALSE,27,10987,Halloween: The Curse of Michael Myers,7.336308,9/29/1995,5000000,88,5,187,15116634
FALSE,18,18197,Running on Empty,5.019264,9/7/1988,0,116,7.5,64,2835116
FALSE,28,10750,Toy Soldiers,8.747743,4/24/1991,0,112,6.2,97,15073942
FALSE,18,14785,Bandit Queen,1.964267,9/9/1994,0,119,7.2,12,399
FALSE,80,11896,Throw Momma from the Train,6.110689,12/11/1987,14000000,88,6,152,57915972
FALSE,35,8005,Robin Hood: Men in Tights,9.870431,7/28/1993,20000000,104,6.4,614,35739755
FALSE,27,8843,The Cell,9.76131,8/17/2000,33000000,107,6,466,104155843
FALSE,27,24924,Night of the Demons,5.921193,10/14/1988,1200000,90,6.2,76,3109904
FALSE,9648,207932,Inferno,14.414847,10/13/2016,75000000,121,5.7,2493,220021259
FALSE,10749,228326,The Book of Life,7.202456,10/1/2014,50000000,95,7.3,814,97437106
FALSE,28,4597,Armored,7.238112,12/4/2009,20000000,88,5.5,222,22942221
FALSE,18,140581,Damaged Lives,1.377743,9/15/1933,10000,61,3.5,2,1800000
FALSE,35,6538,Charlie Wilson's War,6.498904,12/19/2007,75000000,102,6.5,367,119000410
FALSE,10402,11176,The Muppet Movie,6.808445,5/31/1979,0,97,7,175,76657000
FALSE,80,14664,Sharky's Machine,4.225409,12/18/1981,0,122,6.1,32,35610100
FALSE,28,9386,In the Line of Fire,8.676696,7/8/1993,40000000,128,6.8,414,176997168
FALSE,99,53079,Who Is Harry Nilsson (And Why Is Everybody Talkin' About Him?),1.776502,10/26/2010,0,116,7.6,12,28200
FALSE,35,284,The Apartment,10.134602,6/15/1960,3000000,125,8.1,539,25000000
FALSE,18,16869,Inglourious Basterds,24.750946,8/18/2009,70000000,153,7.9,7059,319131050
FALSE,28,24873,Death Wish 3,6.358443,11/1/1985,9000000,92,6.1,72,16945171
FALSE,27,381288,Split,24.601236,11/15/2016,9000000,117,7,5015,278304578
FALSE,28,607,Men in Black,14.091796,7/2/1997,90000000,98,6.9,4835,589390539
FALSE,18,4995,Boogie Nights,7.997701,9/11/1997,15000000,155,7.5,865,43101594
FALSE,28,364,Batman Returns,8.945291,6/19/1992,80000000,126,6.7,1845,280000000
FALSE,18,339988,The Circle,57.596217,4/27/2017,18000000,110,5.4,1232,20497844
FALSE,18,1913,The Sea Inside,10.408162,9/3/2004,12806000,125,7.3,241,38535221
FALSE,35,13972,The Women,6.903459,9/12/2008,16000000,114,4.6,103,50007546
FALSE,80,13573,The United States of Leland,6.487051,1/18/2003,0,108,6.5,98,343816
FALSE,9648,9748,D.O.A.,7.012199,3/18/1988,0,96,5.9,39,12706478
FALSE,18,12618,Random Hearts,5.246651,10/8/1999,64000000,133,5.2,67,74608570
FALSE,878,62,2001: A Space Odyssey,16.42756,4/10/1968,10500000,149,7.9,3348,68700000
FALSE,18,8055,The Reader,9.833574,12/10/2008,32000000,124,7.3,904,113019290
FALSE,35,2928,Michael,7.907148,12/25/1996,0,105,5.5,186,119718203
FALSE,53,13448,Angels & Demons,13.121823,5/13/2009,150000000,138,6.5,2399,356613439
FALSE,35,36361,House Calls,1.755562,3/15/1978,0,98,7.6,5,28460702
FALSE,18,1677,Ray,7.299801,10/29/2004,40000000,152,7.2,524,124731534
FALSE,35,11381,Tommy Boy,7.290292,3/31/1995,0,97,6.7,332,32648673
FALSE,35,34328,Monster in a Box,1.141324,5/15/1992,0,87,4.8,4,311245
FALSE,18,643,Battleship Potemkin,8.934199,12/24/1925,0,75,7.5,233,45100
FALSE,18,76025,Shame,10.38798,10/2/2011,6500000,100,7,961,17693675
FALSE,9648,10491,Enigma,5.335726,1/22/2001,0,119,6.1,81,15705007
FALSE,18,24153,The Buddy Holly Story,3.076982,5/18/1978,1200000,113,7.5,33,14363400
FALSE,12,533,The Curse of the Were-Rabbit,10.845361,9/4/2005,30000000,85,6.8,705,192452832
FALSE,18,44638,The Tempest,2.903024,12/10/2010,20000000,110,6,31,346594
FALSE,18,934,Rififi,6.102953,4/13/1955,0,122,7.7,102,460226
FALSE,35,13203,Son in Law,6.381064,7/2/1993,0,95,5.6,83,36448200
FALSE,10749,26561,Enchanted April,3.289453,11/6/1991,0,89,6.9,25,13200170
FALSE,35,11870,Big Fat Liar,7.438193,2/8/2002,15000000,88,5.5,216,52970014
FALSE,35,11832,Babette's Feast,6.131317,8/28/1987,0,102,7,84,4398938
FALSE,28,134,"O Brother, Where Art Thou?",8.391545,8/30/2000,26000000,106,7.3,1207,71868327
FALSE,35,11129,Human Traffic,6.48852,6/4/1999,600000,99,6.7,105,4000000
FALSE,53,988,The China Syndrome,6.326169,3/16/1979,5900000,122,7.1,103,51718367
FALSE,35,10564,Where the Heart Is,6.176906,4/27/2000,15000000,120,6.9,170,33771174
FALSE,35,19053,Valley Girl,4.990862,4/8/1983,350000,99,6.1,66,17343596
FALSE,12,11646,Gallipoli,7.548811,8/13/1981,3000000,112,7.1,121,11740000
FALSE,28,4105,Black Rain,7.986245,9/22/1989,30000000,125,6.2,264,45892212
FALSE,27,11932,Bride of Chucky,7.283501,10/16/1998,25000000,89,5.5,401,50671850
FALSE,18,17606,The Other Man,5.083486,12/25/2008,15000000,90,5.1,60,1143856
FALSE,18,400710,Flatliners,18.700337,9/28/2017,19000000,110,5.4,92,9800000
FALSE,12,7512,Idiocracy,7.255815,9/1/2006,30000000,84,6.3,728,495303
FALSE,18,15487,The Greatest Game Ever Played,6.600302,9/30/2005,25000000,120,6.9,122,15431177
FALSE,28,240832,Lucy,48.800106,7/14/2014,40000000,89,6.2,6500,126546825
FALSE,27,10066,House of Wax,7.976389,4/30/2005,40000000,113,5.5,756,68766121
FALSE,18,1722,Captain Corelli's Mandolin,6.357771,4/18/2001,57000000,131,5.6,160,62112895
FALSE,18,13920,Radio,6.396437,10/24/2003,32000000,109,6.8,164,52277485
FALSE,35,8488,Hitch,8.301376,2/10/2005,70000000,118,6.3,1846,368100420
FALSE,16,12429,Ponyo,10.056464,7/19/2008,41677699,100,7.5,1030,187479518
FALSE,27,1091,The Thing,16.311293,6/25/1982,15000000,109,7.8,1778,19629760
FALSE,80,11660,Following,7.576454,9/12/1998,6000,69,7.2,380,48482
FALSE,35,9895,Man of the Year,9.883275,10/9/2006,20000000,115,5.7,135,41237648
FALSE,18,17133,Homegrown,2.967847,1/1/1998,0,102,5.5,16,271375
FALSE,18,44638,The Tempest,2.903024,12/10/2010,20000000,110,6,31,346594
FALSE,35,9655,She's the Man,7.438376,3/17/2006,20000000,105,6.4,748,33889159
FALSE,28,47871,Honky Tonk Freeway,1.353283,8/21/1981,24000000,107,0,0,939423
FALSE,18,58648,Closet Land,2.310729,3/6/1991,4000000,94,6.6,11,259012
FALSE,28,27549,Beastmaster 2: Through the Portal of Time,3.094512,6/8/1991,6000000,107,4.6,17,869325
FALSE,18,27064,Mishima: A Life in Four Chapters,4.648784,5/15/1985,5000000,121,7.7,40,502758
FALSE,36,11322,Public Enemies,10.094775,7/1/2009,80000000,140,6.5,1457,214104620
FALSE,53,22825,The Box,8.48663,9/17/2009,30000000,115,5.4,658,33333531
FALSE,28,664,Twister,9.44316,5/10/1996,92000000,113,6.1,1031,494471524
FALSE,36,24973,The Egyptian,2.60777,8/25/1954,5000000,139,6.3,12,15000000
FALSE,18,866,Finding Neverland,7.781177,10/17/2004,25000000,106,7.2,1355,116766556
FALSE,18,7979,The Kite Runner,5.26356,10/14/2007,20000000,128,7.3,435,73276047
FALSE,18,10436,The Age of Innocence,10.976604,9/17/1993,34000000,139,7,190,32255440
FALSE,18,31546,American Buffalo,2.440753,9/13/1996,0,88,6,11,665450
FALSE,99,28216,"Mr. Death: The Rise and Fall of Fred A. Leuchter, Jr.",2.268693,12/29/1999,0,91,6.3,18,507941
FALSE,35,19973,Comedian,2.864843,10/25/2002,0,82,6.9,26,2744253
FALSE,12,36643,The World Is Not Enough,14.133563,11/8/1999,135000000,128,6.1,929,361832400
FALSE,80,32079,Cohen and Tate,1.977316,1/1/1988,0,86,7.3,11,64227
FALSE,18,79120,Weekend,5.674718,9/22/2011,8000,96,7.4,175,484592
FALSE,28,11300,Something Wild,5.953688,11/7/1986,0,113,6.5,71,8362969
FALSE,53,163,Ocean's Twelve,10.471163,12/9/2004,110000000,125,6.4,2302,362744280
FALSE,28,10935,Heaven's Gate,5.605033,11/19/1980,44000000,219,6.6,62,3484331
FALSE,18,79548,Gone,7.118385,2/23/2012,0,94,5.9,363,18100189
FALSE,18,8988,Stop-Loss,7.699555,3/28/2008,25000000,113,6.1,89,11207130
FALSE,35,4942,Leatherheads,6.850892,3/24/2008,58000000,114,5.7,135,41299492
FALSE,53,13448,Angels & Demons,13.121823,5/13/2009,150000000,138,6.5,2399,356613439
FALSE,18,13885,Sweeney Todd: The Demon Barber of Fleet Street,9.901373,12/20/2007,50000000,116,7,1892,152000000
FALSE,16,13647,The Invincible Iron Man,4.617309,1/23/2007,0,83,5.6,46,5300000
FALSE,18,13416,Friday Night Lights,6.523661,10/8/2004,30000000,118,7,161,61255921
FALSE,35,9085,Harlem Nights,6.59285,11/17/1989,30000000,116,5.7,90,60864870
FALSE,10749,256591,Focus,10.672398,2/25/2015,50100000,105,6.7,2737,153962963
FALSE,35,10342,Teaching Mrs. Tingle,6.513341,8/11/1999,13000000,96,5.3,99,8946237
FALSE,18,234200,Pride,6.99367,9/12/2014,0,119,7.7,489,7523634
FALSE,35,9788,Accepted,7.269129,8/18/2006,23000000,93,6.2,438,38505009
FALSE,18,409,The English Patient,6.903152,11/14/1996,27000000,162,7,598,231976425
FALSE,80,11060,Internal Affairs,5.846849,1/12/1990,0,114,6.4,81,27734391
FALSE,18,23160,Werckmeister Harmonies,10.884426,7/12/2000,0,145,7.4,68,25461
FALSE,18,157847,Joe,11.058725,4/11/2014,4000000,118,6.5,362,2365467
FALSE,80,573,Frenzy,6.491456,5/25/1972,3500000,116,7.2,182,12600000
FALSE,28,12094,Jackass Number Two,6.387799,9/22/2006,11000000,95,6.4,327,72778712
FALSE,10402,9762,Step Up,12.71853,8/11/2006,12000000,104,6.7,1187,114194847
FALSE,18,1791,The Piano Teacher,7.252297,5/14/2001,3000000,131,7.2,210,9801375
FALSE,36,225728,Macbeth,8.560664,8/16/2015,15000000,113,6.5,533,12601706
FALSE,36,225728,Macbeth,8.560664,8/16/2015,15000000,113,6.5,533,12601706
FALSE,35,9870,Forgetting Sarah Marshall,9.076462,4/17/2008,30000000,111,6.4,1252,105173115
FALSE,10749,11227,Angel-A,6.306973,12/21/2005,15000000,91,6.8,187,9995168
FALSE,35,14347,Blame It on Rio,7.604808,2/17/1984,0,100,5.9,52,18644570
FALSE,27,24924,Night of the Demons,5.921193,10/14/1988,1200000,90,6.2,76,3109904
FALSE,28,38665,The Legend of the Lone Ranger,2.092228,8/20/1981,18000000,98,3.7,14,2945600
FALSE,28,9091,Sudden Death,6.230184,12/22/1995,35000000,106,5.5,182,64350171
FALSE,35,692,Pink Flamingos,4.988624,3/12/1972,12000,93,6.2,121,6000000
FALSE,35,47881,My Giant,4.147914,4/10/1998,0,103,5.1,34,7985929
FALSE,80,1642,The Net,9.483887,7/28/1995,22000000,114,5.7,381,110627965
FALSE,14,322240,Nine Lives,10.67825,8/3/2016,30000000,87,5.5,309,57814445
FALSE,27,9792,The Hills Have Eyes,6.944059,3/10/2006,15000000,107,6.1,784,69623713
FALSE,35,36914,Like Father Like Son,4.305044,10/2/1987,0,96,5.3,42,34377585
FALSE,27,10069,Stay Alive,5.457788,3/24/2006,9000000,100,5.3,167,27105095
FALSE,28,9268,Eraser,7.169163,6/21/1996,100000000,115,5.6,586,242295562
FALSE,28,5549,RoboCop 2,7.789503,6/22/1990,35000000,117,5.7,528,45681173
FALSE,14,10019,Mannequin,7.290731,2/13/1987,6000000,89,5.5,136,42721196
FALSE,18,9030,The Eye,7.794845,2/1/2008,12000000,98,5.5,299,56309766
FALSE,18,402298,Denial,8.473219,9/30/2016,10000000,109,6.5,180,4073489
FALSE,35,9781,Detroit Rock City,8.338001,8/13/1999,6500000,95,6.7,107,4217115
FALSE,28,10796,The One,8.176163,11/2/2001,49000000,87,5.7,468,72700000
FALSE,18,4995,Boogie Nights,7.997701,9/11/1997,15000000,155,7.5,865,43101594
FALSE,16,17979,A Christmas Carol,13.718141,11/4/2009,200000000,96,6.6,1259,325233863
FALSE,18,9922,The Postman,7.295069,12/25/1997,80000000,177,6.1,327,17626234
FALSE,35,11931,In Her Shoes,8.730525,10/7/2005,0,130,6,468,83073883
FALSE,35,7552,Fun with Dick and Jane,6.87248,12/21/2005,100000000,90,5.9,693,202026112
FALSE,14,54113,The Swan Princess: Escape from Castle Mountain,7.915903,1/1/1997,0,71,5.8,91,273644
FALSE,878,62,2001: A Space Odyssey,16.42756,4/10/1968,10500000,149,7.9,3348,68700000
FALSE,18,29973,Cobb,2.791214,12/2/1994,0,128,6.1,29,1007583
FALSE,12,36670,Never Say Never Again,11.885624,10/7/1983,36000000,134,5.8,367,160000000
FALSE,35,10218,Swingers,7.588876,10/18/1996,200000,94,6.8,266,4505922
FALSE,35,35711,Cooley High,2.766022,6/25/1975,750000,107,7.3,18,13000000
FALSE,18,643,Battleship Potemkin,8.934199,12/24/1925,0,75,7.5,233,45100
FALSE,9648,1990,Paranoid Park,5.660398,5/21/2007,0,85,6.4,142,486021
FALSE,35,27274,Frankenhooker,5.252586,6/1/1990,2500000,85,5.8,68,205068
FALSE,28,10027,Unleashed,6.634654,2/2/2005,45000000,103,6.6,572,50871113
FALSE,18,10264,Hamlet,8.931482,12/19/1990,0,130,6.7,104,20710451
FALSE,14,2698,Evan Almighty,8.117033,6/9/2007,175000000,96,5.3,1308,173000000
FALSE,27,12700,Dominion: Prequel to the Exorcist,6.975072,5/20/2005,30000000,117,4.8,79,251495
FALSE,35,11129,Human Traffic,6.48852,6/4/1999,600000,99,6.7,105,4000000
FALSE,28,37821,Killers,8.691001,6/4/2010,75000000,100,5.7,839,98159963
FALSE,878,2135,The Time Machine,8.974641,3/4/2002,80000000,96,5.8,685,123729176
FALSE,18,16083,First Snow,4.310749,5/5/2006,0,101,6.3,49,382267
FALSE,28,240832,Lucy,48.800106,7/14/2014,40000000,89,6.2,6500,126546825
FALSE,35,18086,Fright Night Part 2,9.058252,4/7/1988,0,104,6.5,86,2983784
FALSE,27,10823,Children of the Corn,7.967077,3/9/1984,800000,93,5.6,258,14000000
FALSE,18,25784,Journey from the Fall,1.253718,2/22/2006,1300000,135,5,1,639000
FALSE,28,46301,Disappearances,1.567636,5/11/2007,1500000,118,4.2,3,312642
FALSE,18,10142,Casualties of War,6.245798,8/18/1989,22500000,113,6.8,216,18671317
FALSE,28,11665,Get Smart,7.914717,6/19/2008,80000000,110,6,1140,230685453
FALSE,18,390051,Aftermath,12.074961,4/6/2017,10500000,92,5.7,197,261465
FALSE,37,33,Unforgiven,13.508984,8/7/1992,14000000,131,7.8,1211,159157447
FALSE,28,121856,Assassin's Creed,28.726872,12/21/2016,125000000,115,5.4,3058,240697856
FALSE,53,10077,A Sound of Thunder,9.405635,5/15/2005,80000000,110,4.7,118,5989640
FALSE,18,20763,Radio Flyer,5.499585,2/21/1992,35000000,114,6.7,57,4651977
FALSE,28,942,Lethal Weapon 2,11.851028,7/7/1989,25000000,114,6.7,1128,227853986
FALSE,35,38745,Gulliver's Travels,8.176305,12/25/2010,112000000,85,4.9,675,237382724
FALSE,35,9794,Employee of the Month,7.015971,10/6/2006,12000000,103,5.4,164,38368909
FALSE,18,9563,Any Given Sunday,8.857951,12/16/1999,55000000,163,6.8,467,100230832
FALSE,36,24973,The Egyptian,2.60777,8/25/1954,5000000,139,6.3,12,15000000
FALSE,16,19947,The Adventures of Mark Twain,2.926165,3/1/1985,0,86,6.8,23,849915
FALSE,27,9102,Screamers,6.484106,9/8/1995,20000000,108,6.1,158,5781885
FALSE,80,868,Tsotsi,5.858028,8/18/2005,3000000,94,6.9,99,9879971
FALSE,28,11856,Air America,8.640014,8/10/1990,0,112,5.3,154,33461269
FALSE,12,331,Jurassic Park III,1.861019,7/18/2001,93000000,92,5.7,2239,368780809
FALSE,80,10145,The Forgotten,6.997902,9/24/2004,42000000,91,5.5,378,117575636
FALSE,28,23629,Sucker Punch,12.350326,3/24/2011,82000000,110,6,1772,89792502
FALSE,28,787,Mr. & Mrs. Smith,10.947502,6/7/2005,110000000,120,6.5,3283,478207520
FALSE,27,10053,When a Stranger Calls,6.904156,2/3/2006,15000000,87,5.4,299,66966987
FALSE,35,10646,Tomcats,6.987967,3/30/2001,11000000,95,5,79,23430766
FALSE,18,62652,Bamako,1.43265,6/21/2006,2000000,115,6.4,10,111000
FALSE,28,6,Judgment Night,6.615163,10/15/1993,0,110,6.4,84,12136938
FALSE,28,10861,Maximum Risk,5.725374,9/13/1996,25000000,100,5.3,109,51702483
FALSE,10749,4478,Indecent Proposal,7.116926,4/7/1993,38000000,117,5.8,330,266614059
FALSE,27,10066,House of Wax,7.976389,4/30/2005,40000000,113,5.5,756,68766121
FALSE,35,8141,You Kill Me,8.521261,2/9/2007,4000000,90,6.2,87,2426851
FALSE,35,76489,The Three Stooges,6.825048,4/13/2012,30000000,92,5,150,54819301
FALSE,28,7555,Rambo,7.930341,1/24/2008,50000000,92,6.3,1070,113244290
FALSE,18,600,Full Metal Jacket,14.465605,6/26/1987,17000000,116,8,2856,46357676
FALSE,35,20857,Hardball,6.754534,9/14/2001,32000000,106,6.4,141,40222729
FALSE,35,2605,Short Circuit,8.334763,5/9/1986,0,98,6.4,552,40697761
FALSE,27,1975,The Grudge 2,7.207606,10/13/2006,20000000,102,5.3,309,39143839
FALSE,878,172,Star Trek V: The Final Frontier,8.251187,6/9/1989,30000000,107,5.6,407,70200000
FALSE,10749,12657,Soul Plane,7.551683,5/28/2004,16000000,86,4.7,113,14822346
FALSE,18,32456,Two Girls and a Guy,4.215255,9/7/1997,1000000,84,5.3,30,2057193
FALSE,10749,10934,Under the Tuscan Sun,6.578505,4/30/2003,18000000,113,6.4,190,58878723
FALSE,18,2024,The Patriot,9.704977,6/28/2000,110000000,165,6.8,1218,215294342
FALSE,35,7552,Fun with Dick and Jane,6.87248,12/21/2005,100000000,90,5.9,693,202026112
FALSE,28,48138,Unknown,8.842518,2/16/2011,30000000,113,6.5,1357,130786397
FALSE,99,47894,Terror in the Aisles,1.329339,10/26/1984,0,84,6.4,7,8316206
FALSE,18,5125,Rendition,8.82011,9/7/2007,27500000,120,6.3,223,24748670
FALSE,27,47892,Strange Invaders,5.920434,9/16/1983,0,92,5.2,18,1362303
FALSE,35,10760,Sydney White,7.195711,9/21/2007,16500000,108,6.1,261,13620075
FALSE,35,10690,Space Truckers,3.580079,3/1/1996,25000000,95,5.6,38,1614266
FALSE,28,4597,Armored,7.238112,12/4/2009,20000000,88,5.5,222,22942221
FALSE,28,16379,The Mod Squad,4.267364,3/26/1999,50000000,92,4.1,37,13260050
FALSE,18,11515,Goya's Ghosts,7.294996,11/8/2006,50000000,114,6.6,108,9448082
FALSE,9648,11462,Suspicion,6.411611,11/14/1941,1103000,99,7.2,151,4500000
FALSE,12,11231,The Next Karate Kid,6.470171,7/18/1994,12000000,107,4.8,219,15826984
FALSE,878,3604,Flash Gordon,7.437376,9/1/1980,35000000,111,6.1,251,27107960
FALSE,10749,80255,A Farewell to Arms,4.517604,12/14/1957,4100000,152,6.6,12,20000000
FALSE,28,14623,Thunderbirds,5.854446,7/23/2004,57000000,95,4.3,98,28283637
FALSE,28,14736,Love & Basketball,9.714781,4/21/2000,20000000,124,7.5,97,27728118
FALSE,12,9626,Red Sonja,7.516468,4/9/1985,17900000,89,5,225,6948633
FALSE,16,17979,A Christmas Carol,13.718141,11/4/2009,200000000,96,6.6,1259,325233863
FALSE,27,10900,Surveillance,7.541729,2/8/2008,3500000,97,6,115,1115493
FALSE,28,2924,Backdraft,9.148924,5/24/1991,75000000,137,6.3,379,152368585
FALSE,18,9953,A Love Song for Bobby Long,7.43389,9/2/2004,0,119,6.8,106,1841260
FALSE,9648,18777,Slow Burn,2.440269,9/12/2005,15500000,93,5.5,16,1237615
FALSE,28,12113,Body of Lies,8.226894,10/10/2008,70000000,128,6.5,977,113280098
FALSE,18,14785,Bandit Queen,1.964267,9/9/1994,0,119,7.2,12,399
FALSE,27,8843,The Cell,9.76131,8/17/2000,33000000,107,6,466,104155843
FALSE,9648,26203,Blink,4.485103,1/26/1994,0,106,6.1,49,16668552
FALSE,28,4824,The Jackal,7.769541,11/14/1997,60000000,124,6,570,159330280
FALSE,35,2616,Uncle Buck,6.512993,8/16/1989,15000000,100,6.6,353,79258538
FALSE,10749,228326,The Book of Life,7.202456,10/1/2014,50000000,95,7.3,814,97437106
FALSE,18,7343,City of Men,4.573707,8/31/2007,0,106,6.6,67,307076
FALSE,10749,114,Pretty Woman,10.475155,3/23/1990,14000000,119,7,1964,463000000
FALSE,18,2668,Sleepy Hollow,9.837856,11/18/1999,100000000,105,6.9,1951,206071502
FALSE,35,6477,Alvin and the Chipmunks,12.607127,12/13/2007,60000000,92,5.5,1323,361366633
FALSE,18,140581,Damaged Lives,1.377743,9/15/1933,10000,61,3.5,2,1800000
FALSE,53,3594,The Number 23,5.570827,2/23/2007,30000000,101,6.3,1131,77566815
FALSE,28,1702,Death Machine,4.628277,12/23/1994,0,117,5.8,26,1422749
FALSE,80,9740,Hannibal,3.079996,2/8/2001,87000000,131,6.4,1409,351692268
FALSE,28,12227,White Fang,7.081931,1/18/1991,14000000,107,6.4,149,34793160
FALSE,35,9655,She's the Man,7.438376,3/17/2006,20000000,105,6.4,748,33889159
FALSE,18,451,Leaving Las Vegas,6.859526,10/27/1995,3600000,112,7.2,391,49800000
FALSE,18,535,Flashdance,7.469176,4/14/1983,4000000,95,6.2,344,92921203
FALSE,80,11660,Following,7.576454,9/12/1998,6000,69,7.2,380,48482
FALSE,35,9910,Two for the Money,8.238147,10/7/2005,35000000,122,5.8,165,30526509
FALSE,28,9954,The Covenant,7.095789,9/8/2006,20000000,97,5.2,313,37597471
FALSE,12,32985,Solomon Kane,6.98673,9/16/2009,45000000,104,5.6,425,7810000
FALSE,80,13573,The United States of Leland,6.487051,1/18/2003,0,108,6.5,98,343816
FALSE,18,12618,Random Hearts,5.246651,10/8/1999,64000000,133,5.2,67,74608570
FALSE,35,6280,Junior,8.646926,11/22/1994,60000000,109,4.7,405,37000000
FALSE,28,9042,The Cave,6.092088,8/25/2005,30000000,97,5.2,222,15007991
FALSE,53,8224,8MM,7.643947,2/26/1999,40000000,123,6.1,519,96618699
FALSE,35,2928,Michael,7.907148,12/25/1996,0,105,5.5,186,119718203
FALSE,53,8978,Assault on Precinct 13,9.848869,1/19/2005,30000000,109,6,339,35294470
FALSE,28,27191,The Greatest Show on Earth,6.235378,1/10/1952,4000000,152,6.6,51,36000000
FALSE,35,49721,Me Myself I,1.974184,4/20/2000,0,104,5.9,11,369975
FALSE,12,11002,"Greystoke: The Legend of Tarzan, Lord of the Apes",6.075528,3/30/1984,0,143,6,118,45858563
FALSE,28,10329,Congo,7.985447,6/9/1995,50000000,109,5,228,152022101
FALSE,18,18484,Wassup Rockers,2.703188,9/12/2005,0,111,6.4,21,634074
FALSE,16,9907,Barnyard,6.84129,8/4/2006,51000000,90,5.4,249,72779000
FALSE,28,8909,Wanted,10.899496,6/19/2008,75000000,110,6.4,2738,258270008
FALSE,27,9299,Thesis,7.239632,4/11/1996,0,125,7.3,175,2647055
FALSE,35,18495,Folks!,1.979751,5/1/1992,0,107,6.1,10,6132924
FALSE,18,47608,Mad Love,3.683298,5/26/1995,0,95,5.6,28,15453274
FALSE,14,1487,Hellboy,10.432509,4/2/2004,66000000,122,6.5,2433,99318987
FALSE,28,11918,Superhero Movie,8.230464,3/27/2008,35000000,85,5,436,25871834
FALSE,18,34584,The NeverEnding Story,9.581067,4/5/1984,27000000,102,7,1120,20158808
FALSE,35,13203,Son in Law,6.381064,7/2/1993,0,95,5.6,83,36448200
FALSE,28,607,Men in Black,14.091796,7/2/1997,90000000,98,6.9,4835,589390539
FALSE,35,11870,Big Fat Liar,7.438193,2/8/2002,15000000,88,5.5,216,52970014
FALSE,14,45480,Visible Secret,1.159443,11/4/2001,0,89,8,3,1138807
FALSE,35,2321,Married to the Mob,7.053869,8/19/1988,10000000,104,5.8,70,21486757
FALSE,28,10590,We Were Soldiers,9.35838,3/1/2002,75000000,138,6.8,563,114660784
FALSE,28,493,Shaft's Big Score!,1.873253,6/8/1972,1978000,104,6.1,10,10000000
FALSE,18,15487,The Greatest Game Ever Played,6.600302,9/30/2005,25000000,120,6.9,122,15431177
FALSE,28,2620,Armed and Dangerous,4.960952,8/15/1986,12000000,88,5.3,47,15945534
FALSE,35,16562,The Cutting Edge,4.916906,3/27/1992,0,101,6.6,59,25105517
FALSE,80,8438,Murder in the First,7.865319,1/20/1995,0,122,6.8,150,17381942
FALSE,18,1640,Crash,9.530707,5/6/2005,6500000,112,7.2,1252,98410061
FALSE,18,24137,An Ideal Husband,7.898403,4/15/1999,14000000,97,6.3,49,18535191
FALSE,18,58648,Closet Land,2.310729,3/6/1991,4000000,94,6.6,11,259012
FALSE,35,37345,Princess Caraboo,2.060903,9/16/1994,0,97,4.4,5,3021629
FALSE,53,1213,The Talented Mr. Ripley,9.255755,12/25/1999,40000000,139,7.1,835,128798265
FALSE,18,400710,Flatliners,18.700337,9/28/2017,19000000,110,5.4,92,9800000
FALSE,35,26386,Ernest Saves Christmas,3.241214,11/11/1988,6000000,95,4.9,47,28202109
FALSE,14,12437,Underworld: Rise of the Lycans,14.530579,1/22/2009,35000000,92,6.3,1516,91353501
FALSE,18,14097,9th Company,6.390352,9/19/2005,9500000,139,6.7,73,24000000
FALSE,28,25769,Carriers,7.115038,9/4/2009,0,84,5.8,310,5802422
FALSE,27,8766,Hellraiser: Bloodline,7.139444,3/8/1996,4000000,86,4.9,117,16675000
FALSE,18,14326,Nights in Rodanthe,6.280024,9/26/2008,0,97,5.9,168,84375061
FALSE,35,13171,The Ex,5.36247,12/1/2006,0,90,5,66,3091922
FALSE,18,29987,Facing Windows,4.458314,2/27/2003,0,106,6.9,57,15530077
FALSE,27,9406,An American Werewolf in Paris,8.259233,12/25/1997,22000000,105,5.2,161,26570463
FALSE,28,22915,North Shore,2.471918,8/14/1987,0,96,5,14,3832228
FALSE,35,23111,Moscow on the Hudson,6.042349,6/4/1984,0,115,6.3,53,25100000
FALSE,18,18615,Fur: An Imaginary Portrait of Diane Arbus,7.260502,8/30/2006,16800000,122,6,80,2281089
FALSE,12,329,Jurassic Park,13.892319,6/11/1993,63000000,127,7.6,5292,920100000
FALSE,35,10098,The Kid,8.664336,1/21/1921,250000,68,8,442,2500000
FALSE,35,18722,Mr. Baseball,3.27487,10/1/1992,0,108,5.8,39,20000000
FALSE,35,26827,Who's That Girl,5.394197,8/7/1987,0,92,5.1,53,7305209
FALSE,14,11352,Always,7.616282,12/22/1989,31000000,122,6,139,74134790
FALSE,37,2055,Open Range,6.868465,8/29/2003,22000000,139,7.1,281,68296293
FALSE,28,507,Killing Zoe,6.323353,10/1/1993,1500000,96,6.1,117,418961
FALSE,18,1677,Ray,7.299801,10/29/2004,40000000,152,7.2,524,124731534
FALSE,35,2179,Tenacious D in The Pick of Destiny,6.583977,11/22/2006,22000000,93,6.6,453,13405595
FALSE,35,33155,Galaxina,2.769175,6/6/1980,5500000,95,3.4,17,4865000
FALSE,9648,9966,The Messengers,6.930577,2/2/2007,16000000,90,5.6,230,1109660
FALSE,18,87516,Oldboy,7.046514,11/14/2013,30000000,104,5.9,669,4861022
FALSE,18,39839,Baghban,2.652122,1/1/2003,0,183,6.2,23,1100000
FALSE,18,87729,Jefferson in Paris,1.635022,3/31/1995,14000000,139,5.2,10,2474000
FALSE,18,5289,Chaos,7.562259,1/17/2005,20000000,106,6.1,298,10289
FALSE,18,10132,Talk Radio,6.11315,12/21/1988,4000000,110,6.6,49,3468572
FALSE,12,2160,Voyage to the Bottom of the Sea,4.525313,7/12/1961,1580000,105,5.3,36,7000000
FALSE,28,9967,Uncommon Valor,3.935097,12/16/1983,0,105,6.2,54,27900000
FALSE,18,1247,The Good Shepherd,8.634561,12/11/2006,85000000,167,6.3,373,59908565
FALSE,80,16164,Killshot,6.224456,11/13/2008,0,95,5.9,82,2960993
FALSE,28,4643,The Guardian,8.321034,9/28/2006,70000000,139,6.8,420,55011732
FALSE,28,427910,Navy Seals,3.777132,7/20/1990,0,113,5.4,43,25069101
FALSE,35,918,Blind Date,6.864958,3/27/1987,18000000,95,5.6,122,39321715
FALSE,18,489,Good Will Hunting,11.640933,12/5/1997,10000000,126,7.9,3132,225933435
FALSE,28,9355,Mad Max Beyond Thunderdome,13.38256,6/29/1985,12305523,107,5.9,822,36230219
FALSE,18,10742,The Clearing,5.41173,7/2/2004,0,95,5.5,60,12520799
FALSE,10751,36819,Time Bandits,7.666498,7/13/1981,5000000,116,6.6,270,42365581
FALSE,18,61263,Illegal,1.869476,10/6/2010,0,90,6.9,9,404
FALSE,35,73247,Heartbeeps,4.005515,12/18/1981,10000000,79,3.6,7,2154696
FALSE,99,1779,Roger & Me,6.185005,9/1/1989,160000,91,7.4,100,6706368
FALSE,35,13973,Choke,6.233237,9/26/2008,3000000,92,6.1,140,3830137
FALSE,12,9896,Rat Race,7.094137,7/30/2001,48000000,112,6,568,85498534
FALSE,28,11853,Bad Girls,5.362383,4/22/1994,0,99,4.6,66,15240435
FALSE,28,9654,The Italian Job,10.101015,5/30/2003,60000000,110,6.6,2067,176070171
FALSE,80,11896,Throw Momma from the Train,6.110689,12/11/1987,14000000,88,6,152,57915972
FALSE,14,8698,The League of Extraordinary Gentlemen,8.501164,7/11/2003,78000000,110,5.7,1272,179265204
FALSE,27,10987,Halloween: The Curse of Michael Myers,7.336308,9/29/1995,5000000,88,5,187,15116634
FALSE,10752,403390,Bitter Harvest,3.098465,2/23/2017,20000000,103,6.7,22,557241
FALSE,18,539,Psycho,24.566285,6/16/1960,806948,109,8.3,2663,32000000
FALSE,28,9584,Convoy,12.200017,6/27/1978,12000000,110,6.1,85,22765081
FALSE,28,10803,Logan's Run,7.716536,6/23/1976,9000000,119,6.6,286,25000000
FALSE,28,23330,The Ballad of Cable Hogue,7.713573,5/13/1970,3716946,121,6.9,54,5000000
FALSE,35,9768,Cry-Baby,7.061257,4/5/1990,11000000,85,6.5,334,8266343
FALSE,35,11307,The World According to Garp,6.019621,8/13/1982,17000000,136,6.9,93,29712172
FALSE,18,31641,Digging to China,2.1844,7/7/1997,0,98,6.5,10,33556
FALSE,35,6538,Charlie Wilson's War,6.498904,12/19/2007,75000000,102,6.5,367,119000410
FALSE,27,755,From Dusk Till Dawn,11.346661,1/19/1996,19000000,108,6.9,1770,25836616
FALSE,18,9453,Caligula,9.691073,1/21/1979,17500000,156,5.3,164,23438120
FALSE,80,1645,A Time to Kill,10.148739,7/24/1996,40000000,149,7,566,152266007
FALSE,12,700,Octopussy,11.35675,6/5/1983,27500000,131,6.2,565,187500000
FALSE,35,284,The Apartment,10.134602,6/15/1960,3000000,125,8.1,539,25000000
FALSE,18,16869,Inglourious Basterds,24.750946,8/18/2009,70000000,153,7.9,7059,319131050
FALSE,80,4413,The Brave One,6.676769,9/14/2007,70000000,122,6.4,272,69766619
FALSE,35,9900,Grandma's Boy,7.394085,1/6/2006,0,94,6.6,228,6538177
FALSE,35,3638,No Reservations,6.677905,7/25/2007,28000000,104,6.1,357,92601050
FALSE,18,1913,The Sea Inside,10.408162,9/3/2004,12806000,125,7.3,241,38535221
FALSE,18,7445,Brothers,7.953025,1/27/2009,26000000,104,6.8,707,43318349
FALSE,12,574,The Man Who Knew Too Much,8.700547,6/1/1956,2500000,120,7.3,298,10250000
FALSE,80,70578,Trespass,8.190408,10/13/2011,36000000,91,5.3,355,9612469
FALSE,18,11128,Ladder 49,6.565288,10/1/2004,60000000,115,6.2,226,74541707
FALSE,80,9281,Witness,8.020153,2/8/1985,12000000,113,7,420,68706993
FALSE,16,54648,The Pebble and the Penguin,2.974873,4/12/1995,28000000,74,5.1,34,3983912
FALSE,35,20337,Martin Lawrence Live: Runteldat,1.446916,8/1/2002,3000000,113,5,1,19184015
FALSE,10749,11355,Never Been Kissed,6.833089,4/9/1999,25000000,107,5.8,416,84565230
FALSE,28,2109,Rush Hour,9.359818,9/18/1998,33000000,98,6.8,1348,244386864
FALSE,18,24153,The Buddy Holly Story,3.076982,5/18/1978,1200000,113,7.5,33,14363400
FALSE,18,121674,Great Expectations,6.647167,11/30/2012,0,128,6.2,111,258656
FALSE,18,44638,The Tempest,2.903024,12/10/2010,20000000,110,6,31,346594
FALSE,35,13972,The Women,6.903459,9/12/2008,16000000,114,4.6,103,50007546
FALSE,35,10830,Matilda,8.518996,8/2/1996,36000000,98,6.9,995,33459416
FALSE,10749,1641,Forces of Nature,6.777266,3/12/1999,75000000,105,5.1,149,93888180
FALSE,35,10564,Where the Heart Is,6.176906,4/27/2000,15000000,120,6.9,170,33771174
FALSE,28,10173,Marked for Death,6.192029,10/5/1990,12000000,94,5.6,106,46044400
FALSE,18,11979,Queen of the Damned,6.218571,2/10/2002,35000000,101,5.5,263,45479110
FALSE,28,38153,Shadow Conspiracy,2.605076,1/31/1997,45000000,103,4.1,13,2154540
FALSE,28,1637,Speed,10.316806,6/9/1994,30000000,116,6.8,1931,350448145
FALSE,28,29723,The Concorde... Airport '79,4.872788,8/17/1979,14000000,123,4.7,47,13015688
FALSE,12,1265,Bridge to Terabithia,8.541514,2/16/2007,60000000,96,7.1,1257,137587063
FALSE,35,19053,Valley Girl,4.990862,4/8/1983,350000,99,6.1,66,17343596
FALSE,99,21925,Naqoyqatsi,3.54221,9/2/2002,3000000,89,6.1,39,13308
FALSE,12,5255,The Polar Express,13.544515,11/10/2004,165000000,100,6.5,1664,305875730
FALSE,28,39002,No Holds Barred,2.251764,6/2/1989,8000000,93,5.6,20,16093651
FALSE,18,13614,Katyn,4.898641,9/21/2007,5200000,118,6.7,52,14723313
FALSE,35,8488,Hitch,8.301376,2/10/2005,70000000,118,6.3,1846,368100420
FALSE,28,12780,Iron Monkey,9.623086,9/3/1993,0,90,7.6,85,14681661
FALSE,18,17133,Homegrown,2.967847,1/1/1998,0,102,5.5,16,271375
FALSE,18,11709,Camille Claudel,3.715786,12/7/1988,0,175,6.7,27,201055
FALSE,18,44638,The Tempest,2.903024,12/10/2010,20000000,110,6,31,346594
FALSE,28,47871,Honky Tonk Freeway,1.353283,8/21/1981,24000000,107,0,0,939423
FALSE,27,18724,Attack of the 50 Foot Woman,3.224572,5/19/1958,88000,65,4.8,30,480000
FALSE,27,176,Saw,27.975344,10/1/2004,1200000,103,7.2,2567,103911669
FALSE,18,27064,Mishima: A Life in Four Chapters,4.648784,5/15/1985,5000000,121,7.7,40,502758
FALSE,27,9682,Pulse,6.974813,8/11/2006,38000000,90,5,161,29907685
FALSE,53,22825,The Box,8.48663,9/17/2009,30000000,115,5.4,658,33333531
FALSE,18,251053,Washington Heights,1.620276,5/22/2002,0,89,8.5,3,156021
FALSE,53,24734,K2,4.870888,10/9/1991,0,102,5.7,46,3106559
FALSE,28,65137,Father Hood,3.273934,8/27/1993,0,95,5.5,21,3418141
FALSE,18,29996,Solomon and Sheba,2.779236,12/25/1959,5000000,139,5.3,9,12200000
FALSE,14,141,Donnie Darko,14.953358,1/18/2001,6000000,113,7.7,3913,1270522
FALSE,18,94440,The Boost,2.075808,12/23/1988,8000000,95,5.4,13,784990
FALSE,18,12184,The Other Boleyn Girl,6.695396,2/28/2008,35000000,115,6.4,546,78269970
FALSE,18,10337,Bugsy,6.049873,12/10/1991,30000000,134,6,86,49114016
FALSE,35,914,The Great Dictator,8.634475,10/15/1940,2000000,125,8.2,817,11000000
FALSE,35,21661,Air Bud: Golden Receiver,3.808004,8/14/1998,0,90,4.5,43,10224116
FALSE,35,10678,Bringing Down the House,6.014699,3/7/2003,20000000,105,5.4,206,132675402
FALSE,18,513,Fire,5.606651,9/6/1996,0,108,6.1,18,501533
FALSE,10402,12508,Rock Star,6.934219,9/4/2001,57000000,105,6,202,16991902
FALSE,35,11846,Father of the Bride,7.128376,12/20/1991,0,105,6.2,378,89325780
FALSE,18,44214,Black Swan,13.572986,12/2/2010,13000000,108,7.4,4967,327803731
FALSE,35,33258,More American Graffiti,3.512378,8/3/1979,2500000,110,5,26,15014674
FALSE,80,20968,Sarkar,2.055459,7/1/2005,1900000,123,7,19,5900000
FALSE,28,9067,Tank Girl,6.834144,3/31/1995,25000000,98,5.5,151,4064495
FALSE,18,4348,Pride & Prejudice,10.027271,9/16/2005,28000000,135,7.8,1543,121147947
FALSE,27,27791,Strangeland,3.236562,10/2/1998,1100000,86,4.7,36,631221
FALSE,28,9434,Grosse Pointe Blank,6.863343,4/11/1997,0,107,6.9,290,28084357
FALSE,10749,19042,All Dogs Go to Heaven 2,7.84136,3/29/1996,0,82,4.9,53,8620678
FALSE,28,10534,White Squall,6.402247,2/2/1996,38000000,129,6.3,89,10300000
FALSE,28,9361,The Last of the Mohicans,8.308077,9/25/1992,40000000,112,7.1,805,75505856
FALSE,10751,24266,The Man from Snowy River,5.278683,3/2/1982,3500000,104,6.8,41,20659423
FALSE,28,11212,Baby's Day Out,6.197763,7/1/1994,50000000,99,5.8,310,16671505
FALSE,18,2759,"The Adventures of Priscilla, Queen of the Desert",6.311453,5/31/1994,0,104,7.2,192,11220670
FALSE,28,134,"O Brother, Where Art Thou?",8.391545,8/30/2000,26000000,106,7.3,1207,71868327
FALSE,28,1635,The Island,9.638334,7/20/2005,126000000,136,6.5,1927,162949164
FALSE,27,36647,Blade,11.234773,8/21/1998,45000000,120,6.5,2061,131183530
FALSE,18,21349,Anywhere But Here,5.317399,11/12/1999,23000000,114,5.9,69,18653615
FALSE,18,13920,Radio,6.396437,10/24/2003,32000000,109,6.8,164,52277485
FALSE,28,1946,eXistenZ,7.818891,4/14/1999,15000000,97,6.7,525,2856712
FALSE,18,11632,Vanity Fair,5.352637,9/1/2004,23000000,141,5.5,81,16123851
FALSE,10749,73678,Costa!,1.502915,3/1/2001,2498210,95,6.4,9,4810190
FALSE,18,9481,The Bone Collector,7.070373,11/4/1999,73000000,118,6.5,914,151493655
FALSE,28,19995,Avatar,37.678897,12/10/2009,237000000,162,7.2,12849,2787965087
FALSE,12,668,On Her Majesty's Secret Service,12.465512,12/12/1969,6500000,142,6.5,490,81974493
FALSE,28,5851,Showtime,7.293304,3/14/2002,85000000,95,5.3,301,77741732
FALSE,35,10164,Cadillac Man,4.825371,5/18/1990,0,97,5.2,55,27575086
FALSE,12,36355,Flipper,6.39539,5/17/1996,25530000,95,5.3,88,20080020
FALSE,28,664,Twister,9.44316,5/10/1996,92000000,113,6.1,1031,494471524
FALSE,28,9946,End of Days,8.428268,11/24/1999,100000000,121,5.5,515,211989043
FALSE,28,9386,In the Line of Fire,8.676696,7/8/1993,40000000,128,6.8,414,176997168
FALSE,36,2289,Cold Mountain,8.101738,12/24/2003,79000000,154,6.8,578,173013509
FALSE,18,64682,The Great Gatsby,12.246503,5/10/2013,105000000,143,7.3,4175,351040419
FALSE,35,11562,Crimes and Misdemeanors,7.861849,10/13/1989,19000000,104,7.5,219,18254702
FALSE,28,7304,Running Scared,6.600389,1/6/2006,17000000,122,7,349,9500000
FALSE,9648,10491,Enigma,5.335726,1/22/2001,0,119,6.1,81,15705007
FALSE,53,19200,Shadows and Fog,6.096089,12/5/1991,14000000,85,7,84,2735731
FALSE,9648,207932,Inferno,14.414847,10/13/2016,75000000,121,5.7,2493,220021259
FALSE,27,10489,Cujo,6.845476,8/10/1983,5000000,91,5.7,206,21200000
FALSE,16,17979,A Christmas Carol,13.718141,11/4/2009,200000000,96,6.6,1259,325233863
FALSE,28,13300,Hell Ride,4.61531,8/8/2008,0,84,5.5,60,194287
FALSE,28,50123,Skins,1.228962,1/14/2002,0,84,6,1,249204
FALSE,35,401,Garden State,10.28281,7/28/2004,2500000,102,7.1,671,26781723
FALSE,12,2310,Beowulf,9.322448,11/5/2007,70000000,115,5.5,921,195735876
FALSE,28,95,Armageddon,13.00455,7/1/1998,140000000,151,6.5,2699,553799566
FALSE,28,24873,Death Wish 3,6.358443,11/1/1985,9000000,92,6.1,72,16945171
FALSE,80,11892,Murder by Numbers,6.532055,4/19/2002,50000000,120,6,293,56714147
FALSE,36,12246,Mongol: The Rise of Genghis Khan,7.604197,9/20/2007,18000000,120,6.5,170,26527510
FALSE,36,11322,Public Enemies,10.094775,7/1/2009,80000000,140,6.5,1457,214104620
FALSE,12,120,The Lord of the Rings: The Fellowship of the Ring,28.314192,12/18/2001,93000000,178,8.1,9388,871368364
FALSE,28,10135,Road House,3.938686,5/19/1989,15000000,114,6.3,268,30050028
FALSE,28,346808,Momentum,7.425976,8/1/2015,20000000,96,5.9,179,133332
FALSE,18,54934,Swoon,1.558607,9/11/1992,250000,82,5.9,8,340147
FALSE,35,9895,Man of the Year,9.883275,10/9/2006,20000000,115,5.7,135,41237648
FALSE,12,74,War of the Worlds,11.497719,6/28/2005,132000000,116,6.2,2585,591739379
FALSE,35,27298,Partner,2.402335,7/20/2007,441892,155,5.8,22,1030375
FALSE,35,11631,Mamma Mia!,8.760094,7/3/2008,52000000,108,6.5,1560,609841637
FALSE,18,96721,Rush,10.465698,9/2/2013,38000000,123,7.7,2465,90247624
FALSE,10752,20713,Farewell to the King,3.551716,3/3/1989,16000000,117,6,25,2420917
FALSE,18,135473,The Ballad of the Sad Cafe,1.90917,3/28/1991,0,101,5,1,184890
FALSE,12,12610,Osmosis Jones,6.277689,8/7/2001,75000000,95,6,258,13596911
FALSE,28,20481,Nightbreed,6.029138,2/16/1990,11000000,102,6.4,109,8862354
FALSE,35,219,Volver,6.586414,3/16/2006,12899867,121,7.3,452,85582407
FALSE,14,14517,Mirrormask,6.265025,1/25/2005,4000000,101,6.6,112,866999
FALSE,35,10127,Critters 2,7.015139,4/29/1988,4500000,86,5.1,95,3813293
FALSE,28,13064,Airborne,2.913801,9/17/1993,2600000,91,6.1,21,2850263
FALSE,18,76025,Shame,10.38798,10/2/2011,6500000,100,7,961,17693675
FALSE,28,10723,Bulletproof,8.615565,9/6/1996,25000000,84,5.4,169,22611954
FALSE,80,33851,A Prayer for the Dying,3.780054,9/11/1987,6000000,107,6.1,17,1432687
FALSE,10749,26561,Enchanted April,3.289453,11/6/1991,0,89,6.9,25,13200170
FALSE,14,277,Underworld,22.08105,9/19/2003,22000000,121,6.6,2693,95708457
FALSE,35,78151,Wired,1.241228,8/25/1989,0,112,4.3,3,1089000
FALSE,28,4105,Black Rain,7.986245,9/22/1989,30000000,125,6.2,264,45892212
FALSE,28,12500,American Ninja,7.039667,8/30/1985,1000000,95,5.6,79,10499694
FALSE,35,4551,Be Cool,6.955655,3/4/2005,53000000,118,5.3,317,95226116
FALSE,27,7341,The Rage: Carrie 2,4.754552,3/11/1999,21000000,104,5,86,17762705
FALSE,18,1722,Captain Corelli's Mandolin,6.357771,4/18/2001,57000000,131,5.6,160,62112895
FALSE,16,24662,Cats Don't Dance,6.136751,3/26/1997,32000000,75,6.6,30,3566637
FALSE,35,11381,Tommy Boy,7.290292,3/31/1995,0,97,6.7,332,32648673
FALSE,18,5693,Hoosiers,6.217922,11/14/1986,9000000,114,7.1,153,28607524
FALSE,35,11397,Not Another Teen Movie,8.77421,12/7/2001,16000000,89,5.4,485,66468332
FALSE,18,22971,Dear John,10.549352,2/4/2010,25000000,115,6.6,1407,114977104
FALSE,28,10054,Spy Kids,9.297787,3/18/2001,35000000,88,5.5,984,147934180
FALSE,80,3134,Rape Me,7.621924,6/28/2000,0,77,4.3,83,940944
FALSE,28,27549,Beastmaster 2: Through the Portal of Time,3.094512,6/8/1991,6000000,107,4.6,17,869325
FALSE,9648,9748,D.O.A.,7.012199,3/18/1988,0,96,5.9,39,12706478
FALSE,80,398,Capote,7.187327,9/30/2005,7000000,114,6.9,426,49084830
FALSE,878,24029,Slipstream,3.122894,2/3/2005,0,89,4.6,21,
FALSE,27,298584,Cabin Fever,10.345036,2/12/2016,0,99,4.4,121,
FALSE,18,483481,The Return,13.530517,12/7/2017,0,100,0,0,
FALSE,35,2084,Birthday Girl,8.435137,9/6/2001,13000000,93,6.1,110,
FALSE,28,45408,The Protector,4.406624,7/11/1985,0,91,5.6,38,
FALSE,12,10009,Brother Bear,10.434201,10/23/2003,100000000,85,6.9,1524,
